3425 4934
362 265 402 327 χχ
622 260 643 316 Ι.
673 258 714 313 De
731 257 855 314 fontibus
873 257 1016 313 doctrinae
1035 258 1233 314 Aristarcheae.

298 430 506 505 (26)meres“⁴
538 431 571 492 et
595 426 752 512 Didymus
782 431 852 492 tum
885 427 948 493 hoc
977 427 1049 493 loco
1080 427 1199 512 scripta
1229 427 1374 512 loquitur
1404 432 1531 512 praeter

362 536 618 612 commentarios,
641 539 710 600 tum
725 533 802 598 alibi
816 535 895 618 ipsis
910 535 1026 599 additis
1047 534 1151 599 titulis
1172 535 1266 620 plura
1287 539 1532 600 commemorat:

362 641 450 727 πρδς
474 640 622 728 Φιλητάν
642 642 673 707 lu
695 641 716 704 l.
745 644 778 707 et
798 648 836 706 A
858 649 928 710 524.
960 639 1045 726 πρὸς
1062 633 1260 722 Κομανόυλ·
1281 647 1319 705 Α
1341 649 1389 710 97.
1411 645 1441 704 Β
1463 648 1532 711 798.

363 751 394 815 Ω
418 758 485 820 110.
511 747 597 834 πρὸς
616 747 654 814 τδ
677 745 830 826 Ξένωυος
850 744 1043 832 παράδοξον
1064 751 1107 813 Μ
1124 754 1192 816 435.
1219 746 1296 831 περί
1314 740 1455 826 Ἰλιάδος
1475 746 1535 813 καί

360 851 553 934 Ὀδυσσείας
574 862 593 921 Ι
611 859 702 926 349⁶.
724 857 869 936 Quorum
890 856 1030 922 Wolfius
1051 861 1121 921 tum
1142 878 1208 922 non
1229 858 1428 924 meminerat.

444 1044 464 1121 ξ
485 1048 513 1106 4.
550 1038 614 1105 Sed
642 1038 719 1123 quid
745 1038 823 1103 illud
849 1041 899 1102 est
926 1037 1012 1121 quod
1038 1036 1139 1102 libros
1167 1061 1263 1122 quam
1285 1040 1533 1105 commentarios

315 1153 348 1204 2²
363 1147 440 1212 dicit
453 1146 515 1212 fide
532 1147 694 1232 digniores
709 1149 801 1210 esse?
824 1144 953 1210 Scilicet
969 1145 1056 1229 qnod
1076 1145 1161 1210 inter
1182 1146 1429 1211 commentarios
1450 1147 1533 1212 fere·

364 1256 481 1320 bantur
500 1254 606 1318 minus
628 1251 789 1318 elaborati.
825 1249 945 1316 Narrat
966 1251 1107 1317 Galenus
1129 1251 1238 1336 (praef.
1260 1253 1300 1317 ad
1318 1252 1470 1338 Hippocr.
1494 1256 1532 1320 de

362 1365 426 1425 nat
441 1361 547 1443 hom),
568 1382 602 1425 se
625 1359 703 1425 olim
724 1360 758 1424 in
780 1359 948 1424 sectatoris
970 1359 1135 1424 cuiusdam
1156 1382 1250 1423 usum
1269 1362 1533 1426 commentarium

362 1468 395 1532 in
410 1466 616 1552 Hippocratis
634 1466 754 1532 librum
776 1466 815 1531 de
838 1466 1004 1531 elementis
1025 1467 1268 1551 conscripsisse:
1290 1467 1346 1552 qui
1368 1489 1533 1534 commen·

361 1575 462 1639 tarius
488 1574 528 1638 ad
553 1574 640 1639 illius
667 1577 796 1659 captum
825 1571 1008 1638 elaboratus
1033 1577 1131 1638 esset:
1163 1596 1239 1639 mor
1267 1596 1301 1639 se
1321 1574 1424 1640 inrito
1446 1575 1532 1641 hunc

362 1682 626 1747 commentarium
640 1681 674 1744 in
691 1679 868 1745 multorum
881 1702 996 1745 manus
1009 1680 1143 1745 venisse.
1180 1681 1289 1766 Atque
1304 1681 1390 1747 idem
1405 1682 1532 1767 saepius

362 1813 381 1855 a
395 1811 429 1855 se
443 1790 564 1855 factum
584 1810 653 1854 esse
667 1791 776 1852 canat
795 1783 873 1866 περί
890 1779 931 1851 id.
945 1786 1034 1869 βιβλ.
1053 1810 1194 1873 prooem.
1210 1788 1258 1854 ed.
1274 1788 1347 1854 Bas.
1362 1787 1411 1855 IV
1424 1813 1455 1875 p.
1472 1794 1530 1856 361

361 1894 446 1978 (XIX
466 1919 496 1980 p.
524 1904 563 1964 10
592 1896 640 1964 ed.
666 1895 787 1977 Kuhn.)
815 1887 930 1980 φίλοις
959 1886 981 1981 ἢ
1009 1896 1181 1979 μαθηταῖς
1211 1889 1343 1961 ἐδίδοτο
1375 1894 1428 1979 (τὰ
1455 1892 1532 1981 ἐμὰ)

359 2001 458 2088 χωρίς
472 2000 671 2090 ἐπιγραφῆς,
692 1995 737 2078 ὡς
751 1993 792 2064 ds
808 1993 888 2066 οὐδὲ
901 1998 987 2083 πρὸς
1000 1994 1142 2077 ἔκδοσιν,
1166 1994 1240 2065 άλλ)
1258 1995 1371 2080 αὐτοῖς
1391 1998 1533 2081 ἐκείνοις

361 2105 521 2194 γεγονότα
536 2109 707 2196 δεηθεῖσιν
727 2097 771 2173 ὦν
793 2101 941 2197 ἤκουσαν
961 2103 1047 2189 ἔχειν
1060 2105 1292 2193 ὑπομνήματα,
1325 2109 1418 2176 Talin
1430 2112 1533 2197 igitur

362 2222 452 2299 sunt,
478 2241 560 2304 quae
580 2217 656 2282 Asu
677 2215 725 2282 ΠΙ
744 2240 776 2301 p.
798 2217 862 2286 83¹)
886 2214 1024 2297 σχολικὰ
1049 2212 1274 2302 ὑπομνήματα
1301 2217 1387 2282 dicit.
1420 2211 1473 2281 Ἐν
1495 2215 1533 2283 δὲ

363 2321 465 2402 ἐνίοις
488 2327 555 2389 τῶν
580 2324 741 2404 σχολικῶν
766 2319 1011 2412 ὑπομνημάτων
1038 2327 1100 2411 <sic
1126 2348 1186 2392 cm.
1208 2325 1342 2391 Ddbner
1367 2347 1426 2410 pro
1448 2319 1531 2390 ὑπο-

361 2423 510 2520 μνήμασι
523 2433 575 2499 vel
586 2423 825 2518 ὑπομνήματα)
834 2431 928 2497 ταυτί
942 2428 1124 2516 γέγραπται
1139 2475 1179 2483 -
1192 2432 1347 2498 habemus
1357 2432 1390 2497 in
1401 2433 1532 2500 scholiis

363 2540 608 2625 Aristophaneis
639 2541 679 2606 ad
699 2541 759 2605 Av.
782 2546 871 2607 1242.
912 2540 1015 2607 Imrno
1043 2564 1109 2606 non
1131 2540 1243 2606 dubito
1267 2541 1345 2625 quin
1367 2541 1452 2605 inter
1472 2541 1532 2605 hos

363 2647 572 2714 scholasticos
598 2648 847 2713 commentarios
872 2648 992 2713 fuerint
1013 2649 1069 2734 qui
1096 2671 1136 2714 ne
1158 2646 1290 2732 abipso
1313 2648 1442 2732 quidem
1463 2671 1533 2712 ma·

297 2888 349 2952 (25)
428 2885 442 2924 ⁴
475 2881 529 2937 ses
547 2897 603 2935 non
621 2881 679 2933 tam
697 2879 803 2950 pendet
819 2896 837 2934 a
854 2896 927 2944 casu,
947 2878 995 2949 qui
1012 2897 1063 2950 pro
1083 2879 1298 2935 constructionis
1314 2878 1418 2949 regulis
1435 2883 1464 2934 et
1481 2898 1532 2951 pro

364 2966 546 3022 collocatione
567 2963 715 3018 verborum
736 2962 827 3017 varius
849 2979 907 3018 esse
929 2962 1041 3033 poterit
1064 2981 1149 3033 quam
1166 2965 1271 3019 abusu
1290 2963 1419 3020 vocabuli
1436 2965 1532 3032 μόνος,

363 3051 436 3106 Plut
448 3050 545 3118 Pomp.
557 3052 589 3103 71
607 3046 790 3120 στρατιώτας
807 3045 839 3102 δὲ
856 3046 966 3114 μόνους
983 3043 1196 3118 ἑξακισχιλίους
1212 3049 1284 3118 φησὶ
1299 3054 1401 3105 πεσεῖν
1415 3040 1536 3114 Ἀσίνιος

363 3135 504 3197 Πολλίων,
521 3132 548 3187 ln
567 3148 589 3186 e.
607 3131 758 3187 sitantum
775 3130 877 3188 milites
893 3148 1028 3198 numeres,
1046 3148 1102 3187 non
1118 3132 1187 3186 lixas
1205 3150 1316 3202 quoque
1335 3136 1365 3188 et
1382 3133 1499 3188 calones.

433 3222 465 3261 ⁴·
485 3217 593 3288 <Codex
608 3217 748 3285 κυμανόν
763 3215 850 3271 habet
867 3218 891 3270 Α
910 3220 941 3269 97
960 3218 990 3271 et
1006 3217 1032 3271 B
1050 3220 1107 3280 798,
1125 3220 1223 3272 contra
1239 3219 1371 3285 κυμανδν
1392 3217 1421 3271 Ω
1440 3222 1488 3272 11⁰
1505 3220 1535 3272 et

362 3305 492 3372 νόμανος
509 3304 538 3357 Ν
555 3302 625 3368 187.)

429 3387 444 3428 ⁶
479 3384 521 3441 m
536 3386 606 3456 περί
621 3389 675 3440 τοῦ
692 3377 882 3451 ναυστάθμου
903 3383 1073 3454 (testimonia
1089 3384 1163 3439 infra
1188 3384 1325 3457 invenies)
1348 3384 1395 3440 hic
1416 3390 1533 3456 propter

364 3473 431 3527 duas
449 3485 557 3525 caussas
574 3467 681 3525 omitto.
716 3467 872 3524 Meinekius
888 3467 964 3538 apud
977 3466 1136 3524 Platonium
1151 3472 1222 3541 περὶ
1239 3471 1384 3540 διαφορᾶς
1393 3472 1535 3541 χαρακτή-

364 3574 424 3627 ριυν
445 3554 476 3608 in
498 3553 589 3609 verbis
612 3553 756 3623 Κρατῖνος
778 3550 795 3606 δ
813 3563 865 3623 τῆς
885 3553 1011 3616 παλαιᾶς
1027 3556 1184 3627 κωμῳδίας
1200 3557 1321 3624 ποιητὴς
1338 3544 1391 3608 dte
1407 3555 1442 3622 δὴ
1459 3551 1535 3608 κατὰ

363 3638 416 3704 τὰς
431 3630 593 3710 Ἀρχιλόχου
611 3638 743 3707 ζητήσεις
759 3629 903 3707 αδστηρδς
918 3634 974 3704 μὲν
990 3643 1055 3701 ταῖς
1071 3635 1229 3708 λοιδορίαις
1242 3637 1322 3693 ἐστίν
1334 3636 1435 3706 corrigi
1446 3635 1536 3692 voluit

363 3716 555 3793 Ἀριστάρχου,
573 3738 619 3790 qu.
636 3736 709 3775 scen.
727 3720 742 3774 I
759 3739 786 3789 p.
807 3724 846 3775 19.
882 3719 1024 3790 Cogitavit
1039 3721 1115 3775 haud
1133 3720 1218 3777 dubie
1241 3721 1276 3776 de
1293 3720 1363 3776 libro
1382 3721 1535 3776 Aristarchi

364 3807 402 3864 sic
424 3806 566 3876 inscripto.
605 3803 660 3859 Sed
681 3820 733 3858 nec
755 3803 890 3859 traditum
911 3808 940 3859 et
961 3808 1108 3875 praeterea
1128 3805 1219 3861 habeo
1242 3823 1290 3860 cur
1308 3806 1343 3861 de
1365 3805 1536 3861 eiusmodi

364 3893 435 3948 libro
453 3892 632 3946 vehementer
649 3888 783 3944 dubitem.
817 3889 974 3958 Proponam
992 3888 1076 3944 aliam
1096 3889 1291 3954 coniecturam,
1310 3906 1395 3960 quam
1411 3906 1476 3945 mox
1493 3890 1536 3944 vir

363 3974 554 4045 sagacissimus
575 3971 697 4043 expellet
718 3971 846 4029 meliore:
869 3966 922 4028 δίτε
939 3976 974 4045 δὴ
992 3968 1113 4047 ἰάμβους
1133 3965 1296 4045 Ἀρχιλόχου
1314 3972 1455 4043 ζηλώσας.
1491 3974 1536 4030 Sic

364 4061 438 4114 certe
460 4056 517 4113 stat
540 4055 610 4111 illud
632 4048 685 4112 δτι
706 4058 750 4125 δή.
788 4056 883 4112 Verba
906 4050 1048 4129 αὐστηρὸς
1073 4058 1110 4113 ad
1131 4059 1294 4125 λοιδορίαις
1318 4074 1355 4112 an
1384 4073 1449 4113 casu
1471 4075 1535 4113 ana

363 4140 487 4214 paestica
504 4143 590 4196 sunt?
607 4172 641 4182 —
658 4139 855 4197 Nesciebamus
872 4144 941 4197 tunc
959 4140 1199 4198 Hemsterhusium
1217 4141 1247 4195 in
1263 4141 1339 4196 idem
1355 4142 1485 4197 incidisse
1502 4160 1535 4198 ac

363 4224 537 4296 proposuisse
558 4218 611 4281 dte
633 4226 668 4296 δι)
688 4226 740 4281 καί
759 4223 797 4281 τὰ
817 4217 980 4298 Ἀρχιλόχου
1003 4219 1141 4298 ζηλώσας.
1180 4225 1252 4280 Vide
1268 4243 1343 4282 nunc
1364 4225 1535 4282 Meinekium

363 4309 428 4368 hist
446 4309 506 4364 crit.
526 4326 595 4366 com.
612 4327 640 4380 p.
660 4308 764 4375 13,ουί
781 4327 856 4366 nunc
875 4313 1039 4382 ιιατιιχήνας
1054 4300 1217 4381 Ἀρχιλόχου
1235 4303 1367 4380 ζηλώσας
1383 4310 1483 4381 placet
