3425 4934
372 307 434 371 276
821 298 868 355 IV.
892 298 934 355 De
951 298 1090 372 prosodia.

373 466 489 547 λαξαν,
520 462 606 555 φημὶ
633 463 673 553 δὴ
705 463 766 553 τὴν
793 461 913 548 ὀξεῖαν.
956 468 1115 535 Uibimnm
1139 467 1185 549 (in
1207 465 1425 532 Ohoeroboeoi
1451 470 1543 533 textu

371 575 492 661 legitur
512 573 696 661 Κακοπής)
723 577 802 661 quid
826 578 915 643 vocis
942 577 985 642 sit
1012 576 1183 643 nescimus.
1221 566 1393 661 Ἀψευδής
1417 579 1452 641 00
1473 578 1546 660 Νη-

371 676 493 769 μερτής
513 705 610 769 supro
629 683 848 750 iudicavimus.
882 685 933 751 De
946 673 1140 772 Διοτρεφής
1159 705 1226 750 non
1245 682 1413 769 probabile
1432 684 1545 747 visum.

373 781 516 874 Εὖγενής
538 792 728 858 0001000000
750 814 824 859 oum
839 783 975 872 Εὐτοχοῖ
995 795 1266 859 commemoratur
1287 792 1384 858 etiem
1400 792 1434 856 in
1455 790 1545 874 freg-

372 902 483 963 0000οο
505 897 808 966 Psendherodieneo
830 896 993 983 περὶτῶν
1016 895 1235 988 ζητουμένων,
1256 903 1295 965 00
1315 920 1400 964 nuno
1422 898 1545 963 editum

373 1006 534 1092 esbapud
556 1006 741 1072 Cremeram
768 1008 830 1072 An.
854 1008 912 1073 Ox.
935 1006 982 1074 III
1003 1032 1033 1094 p.
1056 1016 1133 1090 252,
1156 1018 1172 1078 1
1195 1011 1284 1093 (post
1303 1006 1479 1072 Hermenni
1503 1005 1545 1071 li·

372 1114 466 1179 brom
493 1113 533 1180 de
555 1136 615 1179 em.
638 1136 685 1200 gr.
708 1136 738 1199 p.
760 1120 819 1184 307
841 1113 949 1181 XVIII
970 1117 1076 1182 solnm
1098 1109 1226 1202 Εὐτυχῆ
1244 1115 1452 1200 legebamus).
1494 1113 1545 1178 De

372 1219 523 1306 Enprepe
544 1226 625 1306 puio
647 1222 800 1288 audacius
819 1245 916 1308 quem
938 1223 1072 1289 decebat
1088 1222 1275 1289 Dindorfins
1296 1224 1330 1287 in
1352 1220 1448 1288 Theo.
1469 1242 1546 1300 „en-

371 1328 457 1414 rige,
480 1350 576 1413 quem
598 1329 760 1396 interfecit
780 1324 959 1412 0000οο110,
979 1331 1043 1397 Ι)ἱο
1066 1331 1153 1398 Gneo.
1176 1338 1229 1410 77,
1252 1339 1267 1399 1
1290 1330 1348 1396 ubi
1369 1320 1543 1414 Εὗορεπῆ,

373 1435 460 1521 quod
482 1428 642 1523 Εὖπρέπη
660 1437 892 1507 seribendum‘.
1001 1468 1006 1479 ·

291 1610 362 1683 (200)
457 1604 477 1684 5
506 1611 553 1671 11.
599 1601 641 1673 II.
683 1602 780 1670 Nunc
812 1604 877 1670 elia
902 1604 1059 1672 edieobiva
1083 1624 1321 1683 recenseamus,
1357 1623 1439 1689 quae
1466 1601 1546 1687 quin

373 1712 541 1776 occentum
554 1715 682 1777 mutent
696 1712 836 1778 dubitari
851 1713 974 1798 nequii,
990 1713 1078 1798 qnod
1088 1712 1141 1779 rel
1155 1712 1438 1799 grammaticorum
1452 1710 1546 1775 besbi-

373 1819 483 1883 monie
496 1823 573 1884 0000
589 1819 685 1884 fidem
707 1820 864 1886 merentia
884 1819 933 1886 vel
954 1820 1054 1906 vulgo
1076 1821 1122 1887 oie
1143 1820 1327 1886 scribuntur
1347 1820 1382 1885 in
1399 1818 1489 1885 libris
1512 1821 1546 1883 et

373 1926 512 2011 quodem
538 1926 689 2013 analogio
716 1949 750 1993 se
776 1929 913 1995 invicem
939 1929 1089 1995 videntur
1113 1928 1207 1996 tueri
1250 1927 1394 1993 Primum
1419 1948 1501 2011 quae
1525 1947 1546 1989 0

373 2033 480 2100 colore
501 2034 604 2119 petita
624 2040 701 2101 0000
722 2036 854 2118 (etenim
875 2036 1003 2102 ordines
1028 2035 1134 2124 fecere
1160 2058 1200 2101 ex
1224 2035 1349 2101 forme
1375 2033 1453 2099 olim
1478 2032 1546 2097 for·

372 2146 457 2208 00000
484 2143 698 2209 necessarium
725 2146 759 2208 00
777 2143 872 2209 focile
895 2145 968 2225 erit,
997 2144 1053 2229 qni
1075 2165 1161 2209 nunc
1184 2146 1233 2208 est
1254 2143 1418 2208 docbrinee
1436 2163 1545 2228 gram·

306 2261 356 2335 280
372 2250 509 2316 000οἱ000
536 2254 640 2317 einins
662 2250 732 2315 fieri
754 2273 820 2317 non
841 2256 975 2337 potest),
1000 2246 1135 2336 Πύρρος
1156 2253 1197 2333 (0.
1217 2251 1338 2317 Herod.
1360 2248 1475 2315 Aroed.
1496 2255 1545 2325 74,

373 2360 437 2438 18),
469 2359 604 2434 Λεῦκος
631 2364 664 2423 Δ
681 2365 739 2428 491
771 2361 810 2442 (0.
836 2358 936 2424 oohol.
963 2362 996 2423 00
1015 2357 1069 2424 Et.
1100 2357 1142 2426 M.
1170 2381 1195 2424 s.
1217 2355 1542 2453 Βάτος),.Γλαῡκος,

372 2457 506 2550 Γλαύκη
527 2467 569 2548 (0.
585 2465 705 2533 Herod.
719 2468 792 2534 Arc.
809 2472 878 2545 166,
904 2468 963 2548 11),
985 2457 1124 2544 Ξάνθος
1144 2466 1255 2551 (00100.
1270 2459 1402 2547 Βάτος),
1424 2455 1544 2548 Ξάνθη

372 2573 413 2653 (0.
434 2570 553 2637 Herod.
575 2572 650 2642 Arc.
675 2581 741 2656 100,
764 2577 809 2657 3),
830 2570 967 2651 Ξοῦθος
988 2575 1027 2656 (0.
1049 2572 1168 2641 Herod
1189 2574 1304 2640 Arood.
1326 2578 1376 2653 49,
1398 2571 1546 2640 retnt.

371 2678 413 2747 M.
435 2703 466 2766 p.
492 2686 607 2748 7300.
632 2672 824 2767 στρουθός),
857 2680 1000 2767 Χλῶρος
1032 2684 1071 2764 (0.
1104 2681 1223 2748 Herod
1256 2681 1372 2747 Aroed
1403 2683 1550 2761 09,10),

363 2779 530 2873 ’13ροορος
544 2793 584 2872 (0.
599 2788 720 2856 Herod.
733 2789 845 2856 Arood.
862 2796 911 2869 74,
925 2792 987 2874 28),
994 2779 1118 2874 ’Ἄργος
1132 2788 1243 2872 (0.0Εο
1258 2787 1301 2854 M
1318 2789 1398 2872 130).
1418 2786 1546 2851 Deinde

372 2896 460 2962 aliud
481 2897 623 2983 corporis
644 2897 675 2962 vi
677 2897 759 2962 tium
781 2898 848 2964 sive
867 2896 994 2963 laudem
1017 2893 1305 2983 10011000οἰοτ0)οη
1327 2894 1459 2979 (Herod.
1481 2894 1546 2959 Ar·

372 3005 439 3069 ced
463 3010 534 3088 103,
560 3008 619 3088 19),
647 3002 770 3082 Χῶλος
797 2997 856 3088 (ὡς
881 3003 1018 3083 Πωλος,
1050 3027 1078 3070 0.
1103 3004 1157 3070 Et.
1187 3004 1231 3070 Μ.
1261 3010 1335 3084 816,
1359 3009 1409 3071 22.
1451 3001 1546 3067 Eunt.

372 3115 449 3191 708,
474 3116 540 3196 30),
564 3104 691 3196 Γόργος
717 3115 756 3195 (0.
778 3111 898 3179 Herod.
918 3113 996 3205 Arc.
1020 3119 1074 3195 40,
1098 3117 1163 3196 10),
1192 3108 1314 3198 Γόργη,
1343 3107 1482 3186 Melior
1503 3116 1544 3188 (v.

371 3217 462 3284 Eusb
483 3225 544 3287 966
566 3224 599 3285 00
619 3219 738 3286 Herod.
761 3221 834 3288 Aro.
858 3212 1111 3305 03,15),’Ίλλος
1132 3223 1171 3303 (0.
1194 3219 1313 3286 Herod.
1329 3220 1402 3286 Arc.
1416 3223 1465 3300 52,
1478 3220 1544 3299 23),

370 3318 492 3402 rinos
511 3325 647 3392 Pausnn.
668 3326 700 3393 Π
721 3333 768 3408 18,
783 3333 812 3397 8.
859 3326 1017 3411 Φαῖδρος,
1041 3350 1112 3411 -ρα,
1134 3321 1280 3408 Μίκκος,
1304 3320 1424 3391 Μίκκα
1445 3324 1545 3406 (Ρ100.

370 3433 440 3499 virt.
462 3432 539 3501 mul.
564 3438 632 3517 15),
662 3436 809 3520 Σμῖκρος
839 3437 880 3518 (0.
908 3435 1027 3503 Herod
1057 3436 1173 3503 Aroed.
1196 3441 1254 3514 73,
1281 3439 1348 3520 20),
1379 3425 1542 3519 Βράγχος,

369 3542 486 3623 Σῖμος,
510 3533 639 3625 Κύρτος
660 3543 701 3624 (0.
716 3541 770 3611 Et.
785 3542 829 3609 M.
850 3566 876 3612 o.
897 3536 1031 3629 Βάτος),
1051 3536 1206 3627 Λάμπος
1227 3545 1266 3626 (0.
1284 3541 1404 3608 Herod.
1426 3540 1545 3607 Arood.

371 3655 426 3730 74,
447 3650 492 3732 9),
518 3641 691 3735 Λάμπρος
721 3654 760 3733 (0.
783 3651 903 3718 Herod.
924 3652 999 3718 Arc.
1020 3659 1073 3735 74,
1094 3655 1140 3736 9),
1165 3649 1311 3727 Βλαῖσος
1337 3650 1390 3732 (id
1412 3656 1462 3730 75,
1484 3650 1545 3731 17),

366 3748 506 3835 Ῥοῖκος,
529 3758 650 3844 Σκῖρος
670 3757 758 3841 (Her.
775 3760 889 3825 dread.
912 3763 961 3841 37,
983 3762 1023 3843 5).
1058 3761 1111 3825 An
1125 3755 1247 3839 Δέξιος
1267 3758 1384 3837 neseio,
1405 3755 1462 3823 sed
1482 3777 1545 3839 pu-

370 3865 514 3932 taverim.
556 3862 712 3952 Κόρωνος
737 3866 861 3951 (Hom,
887 3889 914 3934 0.
941 3866 1063 3934 Herod.
1088 3866 1202 3933 dread.
1227 3872 1282 3946 00,
1302 3867 1348 3950 9),
1381 3859 1541 3948 Tremor,

370 3969 492 4061 Στύγνη
516 3974 681 4060 (Apollod.
702 3974 734 4041 Π
752 3983 776 4055 1,
790 3976 833 4057 4),
855 3967 1002 4055 Δόλιχος
1022 3976 1075 4059 (of.
1096 3974 1193 4040 Dind.
1215 3972 1314 4058 praef.
1329 3970 1450 4041 Herod
1469 3994 1545 4053 μον.

371 4077 401 4146 λ.
415 4079 516 4167 VIM),
537 4078 701 4167 Χάροπος
715 4082 842 4164 (Arcod.
859 4088 908 4161 07,
925 4090 971 4162 14,
991 4082 1053 4146 nisi
1067 4081 1130 4148 hoo
1143 4104 1202 4167 per
1218 4081 1396 4167 genitivum
1417 4079 1546 4159 flexum,
1622 4072 1627 4079 ’

370 4209 400 4255 v.
422 4188 523 4255 schol.
545 4193 576 4253 Β
597 4194 678 4273 072),
691 4183 857 4273 ’umeros
879 4196 919 4271 (0.
941 4188 1018 4256 Her.
1040 4189 1154 4256 Aroad.
1175 4197 1224 4268 57,
1239 4190 1332 4271 6¹⁹¹,
1355 4191 1386 4252 Γ
1384 4182 1543 4276 λάφυρος,

439 4372 475 4412 ¹⁹¹
493 4365 652 4461 Ἄγκολίῳν
667 4370 752 4445 Veop.
772 4377 845 4430 1397.
