3425 4934
362 318 402 379 94
453 309 486 363 Π.
503 308 545 365 De
561 308 738 365 Aristerehee
754 307 952 363 vocabulorum
971 307 1180 364 Homericomm
1196 307 1434 378 interpretatione.

362 470 406 553 dic
425 514 466 525 —
488 468 554 543 ὅστ’
584 467 667 542 τίσιν
692 474 749 542 διὰ
775 473 895 560 δουρὸς
918 468 973 540 ὑπ’
1005 468 1130 559 ἀνέρος.
1169 480 1272 558 11428
1300 472 1376 562 νηὸς
1402 469 1524 560 ἰούσης,

362 607 427 670 quo
443 584 516 651 loeo
529 584 665 651 Vossius
683 584 877 650 intentum
891 606 1020 649 cursum
1037 583 1209 668 significari
1230 584 1277 648 ait
1297 583 1416 668 (hymn.
1431 583 1523 651 Dem.

361 716 390 777 p.
415 699 482 760 110.
503 693 543 758 cf.
564 693 604 758 sd
625 692 713 758 Aret.
735 714 766 776 p.
790 697 839 761 84.
864 694 949 774 160);
976 695 1010 756 at
1035 691 1070 756 id
1096 713 1162 757 non
1186 692 1220 756 in
1246 691 1402 758 vocabulo
1429 691 1523 770 inest,

360 801 417 866 sed
442 800 476 865 in
503 799 670 866 sententis
718 802 750 861 Φ
769 804 831 867 522
855 791 902 877 ὦς
929 791 961 863 d'
990 794 1046 866 ὅτε
1070 795 1198 876 καπνὸς
1223 792 1282 863 teo
1308 790 1356 875 εἷς
1385 790 1525 883 οὐρανὸν

359 904 454 990 εὐρὺν
474 904 594 994 ἵκηται.
634 906 687 971 Ad
712 905 796 971 hene
820 906 1088 993 significationem
1113 906 1303 991 pertinetur
1323 910 1384 973 362
1405 898 1524 970 αὐτίκα

359 1012 421 1099 γὰρ
447 1009 549 1102 φάτις
579 1001 663 1078 εἶσιν
692 1006 748 1095 ἅμ’
776 1006 883 1100 ἠελίῳ
914 1006 1042 1079 ἀνιόντι
1068 1006 1195 1094 ἀνδρῶν
1220 1009 1433 1098 μνηστήρων,
1467 1003 1525 1090 οὓς

358 1116 495 1187 ἔκτανον
516 1116 552 1185 tr
568 1114 771 1205 μεγάροισιν.
815 1120 887 1200 Quo
901 1121 953 1187 vel
969 1121 1055 1186 unde
1072 1124 1180 1187 motus
1199 1121 1257 1186 fist
1277 1120 1409 1187 adiectis
1429 1143 1524 1188 voce·

277 1236 347 1308 (103)
358 1230 444 1297 bulis
460 1228 646 1308 declaratur,
659 1233 697 1294 nt
714 1220 825 1307 άντίος
838 1218 933 1307 eloco,
954 1226 1065 1306 πάλιν,
1081 1219 1183 1311 αὖτις,
1205 1221 1269 1317 dep,
1294 1228 1402 1313 δεῦρο,
1425 1232 1522 1312 κεῖσε,

309 1361 343 1411 94
360 1333 404 1416 ἐξ,
427 1329 475 1413 είς
495 1339 554 1401 cet.
590 1335 679 1402 Hsec
698 1341 731 1402 et
748 1337 827 1401 telis
844 1335 1001 1402 vocabulo
1019 1336 1076 1402 ubi
1097 1336 1227 1414 obsunt,
1249 1337 1305 1402 ssd
1326 1336 1523 1422 cogitatione
1652 1394 1654 1399 .

359 1444 563 1529 supplentur,
591 1447 662 1508 tum
682 1444 750 1509 abit
770 1444 805 1508 in
826 1443 1078 1530 significationes
1100 1448 1133 1509 et
1152 1444 1300 1510 veniendi
1322 1448 1356 1509 et
1375 1443 1524 1510 abeundi

357 1551 419 1617 Ille
445 1555 495 1617 est
518 1573 544 1615 e.
572 1571 603 1635 g.
623 1574 641 1613 τ
663 1559 720 1617 571
748 1546 808 1637 ἥδε
834 1549 874 1636 δὴ
904 1544 976 1637 eide
995 1541 1060 1615 εἶσι
1082 1547 1280 1632 δυσώνυμος.
1321 1573 1334 1614 ι
1354 1557 1415 1620 279
1438 1544 1525 1614 άλλά

356 1682 419 1741 μοι
441 1650 508 1745 εἴφ’
539 1652 607 1744 ὅπῃ
632 1651 723 1737 ἔσχες
748 1650 809 1721 ἰὼν
837 1651 971 1743 εὐεργέα
1000 1661 1073 1745 νῆα.
1121 1659 1220 1725 Recte
1241 1656 1444 1724 Wellsuerus
1471 1681 1522 1742 ep.

357 1763 567 1850 Apollonium
586 1763 634 1829 111
657 1773 737 1834 1155
758 1758 808 1848 dip'
832 1758 950 1831 ίοῠοαν
969 1767 1130 1832 revocavit
1150 1787 1208 1850 pro
1232 1759 1395 1833 άνιοῦσαν.
1431 1765 1522 1851 Virg.

356 1873 438 1941 Aen.
460 1871 589 1941 21392
610 1872 752 1956 (Ohsron
766 1873 938 1958 loquitur):
959 1873 1028 1939 Nee
1047 1896 1123 1939 vero
1137 1874 1272 1939 Alciden
1291 1896 1342 1939 me
1363 1895 1434 1938 sum
1455 1872 1523 1938 lee-

356 1984 444 2046 tstus
471 1983 601 2045 euntem
627 1980 659 2061 (i.
680 2002 706 2044 e
726 1981 920 2064 venientem)
947 1982 1107 2065 accepisse
1133 1980 1214 2046 lecu.
1255 1981 1406 2046 Abeundi
1432 1981 1522 2045 notio

357 2092 510 2157 est1701
527 2078 599 2150 ἀλλ’
621 2080 700 2171 ἤτοι
720 2090 828 2153 κεῖνον
846 2084 908 2171 μέν
930 2083 1081 2170 ἐάσομεν,
1103 2080 1128 2172 ἤ
1146 2109 1202 2151 κεν
1222 2080 1312 2174 ἴῃσιν
1331 2081 1353 2175 ἤ
1373 2110 1411 2152 κε
1430 2083 1522 2174 μένῃ.

357 2200 389 2256 Ζ
406 2201 465 2264 221
493 2188 552 2258 καί
570 2216 630 2275 μιν
651 2189 715 2277 ἐγώ
738 2191 938 2261 κατέλειπον
963 2188 1024 2260 ἰών
1045 2191 1080 2260 ev
1102 2186 1228 2276 δώμαά
1254 2190 1392 2275 ἐμοῖσιν.
1430 2194 1522 2281 virg.

355 2304 436 2368 Aen.
458 2300 503 2369 x]
523 2307 573 2370 46.

436 2408 482 2474 Et
501 2408 584 2476 hene
605 2409 875 2496 significationem
895 2410 924 2475 is
944 2410 1007 2475 sibi
1027 2411 1118 2477 locus
1141 2411 1288 2489 vindicet,
1307 2411 1342 2474 in
1364 2431 1428 2495 quo
1451 2430 1521 2475 ver-

355 2538 477 2593 semur3
496 2512 578 2596 τάχα
593 2517 646 2582 hic
661 2517 830 2604 significet,
851 2518 939 2602 quod
956 2517 1091 2601 ubique:
1112 2524 1231 2596 „mox“.
1266 2517 1331 2583 Sed
1350 2539 1389 2582 ex
1404 2516 1521 2582 Hesio·

355 2623 423 2689 deis
443 2624 509 2688 iam
529 2623 677 2689 novimus
699 2621 750 2700 δὶς
767 2621 828 2705 μὲν
849 2622 911 2709 γὰρ
933 2623 991 2688 καὶ
1009 2624 1079 2709 τρὶς
1097 2624 1179 2704 τάχα
1201 2625 1361 2707 (fortusse)
1381 2618 1522 2706 τεύξεαι,

356 2731 416 2815 Op.
437 2738 506 2800 401.

884 2973 912 3042 '1
915 2975 965 3043 dd
971 3001 989 3056 ς

755 3130 936 3196 edentium
958 3131 1054 3196 locale
1073 3145 1127 3195 est.

439 3300 465 3357 Υ
485 3303 525 3365 79
548 3289 600 3360 dee
621 3289 695 3360 άντί
713 3299 773 3361 τοῦ
794 3289 846 3361 ἐπ’
870 3291 1008 3374 εὐθείας
1027 3293 1085 3361 καὶ
1105 3290 1175 3361 κατ’
1199 3293 1355 3362 ἐναντίον.
1396 3301 1439 3361 Μ
1458 3304 1519 3367 234

352 3396 384 3487 (ἦ
410 3400 523 3491 διπλῆ)
551 3399 604 3468 ὅτι
628 3401 667 3470 τὸ
686 3396 766 3480 ἰθύς
790 3407 939 3481 τοπικῶς
961 3399 1097 3491 τίθησιν
1122 3397 1196 3469 ἀντὶ
1221 3408 1281 3470 τοῦ
1307 3397 1359 3470 ta’
1383 3398 1521 3482 εὐθείας

351 3507 548 3593 καταντικρὺ
569 3513 634 3575 τῶν
652 3515 741 3580 νεῶν.

850 3866 1016 3936 Μέλταν.

432 4022 471 4083 Π
491 4024 551 4088 336
573 4012 605 4107 (ἡ
628 4018 671 4103 d.)
697 4013 751 4086 ὅτι
776 4015 899 4101 μέλεον
926 4014 999 4086 άντλ
1022 4024 1082 4086 τοῦ
1102 4018 1244 4104 μελέοις,
1266 4016 1431 4103 ματαίως·
1462 4019 1521 4086 καὶ

351 4123 409 4190 διὰ
425 4123 551 4204 παντὸς
572 4122 676 4203 οὕτως
688 4122 836 4212 Ὅμηρος
855 4130 988 4213 χρῆται·
1010 4123 1044 4194 οἱ
1065 4126 1102 4194 δέ
1121 4127 1272 4214 τραγικοὶ
1292 4125 1350 4194 ἐπὶ
1367 4132 1428 4195 τοῦ
1448 4122 1519 4195 οἶκ-

350 4234 430 4315 τροῧ
450 4229 507 4298 καί
527 4225 685 4312 τάλανος,
715 4232 773 4299 καί
796 4226 818 4323 ἡ
840 4233 1015 4322 συνήθεια.
1054 4235 1140 4321 πρὸς
1168 4229 1226 4315 οὓς
1249 4227 1286 4326 <d
1306 4260 1387 4303 corr.
1406 4236 1520 4302 Fried-

349 4339 496 4419 leender)
519 4335 614 4428 καίὴ
638 4336 825 4429 σημείωσις.
866 4347 900 4408 Κ
920 4350 980 4415 480
1009 4341 1062 4411 ὅτι
1087 4339 1120 4415 οἱ
1142 4341 1295 4431 νεώτεροι
1321 4343 1442 4429 μέλεον
1461 4341 1520 4411 τὸν
