3425 4934
211 331 233 384 1.
262 325 337 393 Quid
359 328 425 383 ante
443 326 634 384 Aristarchm
651 327 681 384 in
699 329 753 384 hac
772 327 918 399 interpret
936 327 1102 398 praestitum
1120 326 1256 384 videatur.
1279 337 1319 398 45

149 503 209 565 404
227 495 294 580 Fr.)
321 500 355 563 et
375 495 567 563 Xenocritus
589 497 674 564 Cous
699 497 927 584 grammaticus
950 495 1107 576 (Erotion.
1129 496 1320 582 precipit

149 602 219 684 Fr).
264 605 480 670 Accesserant
504 606 560 691 qui
584 606 637 671 vel
660 606 754 672 iustis
776 605 1013 673 commentariis
1034 602 1085 669 vel
1106 605 1201 669 variis
1223 625 1321 689 opus·

149 712 228 777 culis
236 713 448 798 antiquitates
454 712 506 779 vel
519 713 670 798 antiquos
684 714 856 799 scriptores
870 712 1078 792 illustrarent,
1093 713 1148 796 qui
1163 716 1320 797 quantum

148 820 297 887 advoces
312 820 530 906 explanandas
544 820 714 887 attulerint
734 844 774 888 ex
786 820 1014 887 Eratosthenis
1035 819 1222 902 fragmentis
1243 814 1321 904 περὶ

149 920 289 1009 ἀρχαίας
302 921 482 1015 κωμῳδίας
495 929 633 1015 perspici
646 934 764 1015 potest.
794 929 859 996 Sed
872 929 923 995 his
938 928 1088 995 omnibus
1102 949 1170 993 non
1183 926 1321 992 multum

148 1036 188 1101 ad
214 1035 384 1102 meliorem
404 1035 539 1102 Homeri
564 1037 864 1123 interpretationem
889 1037 1132 1103 redundaverat.
1172 1033 1321 1122 Insignes

147 1143 195 1208 illi
209 1143 388 1210 attulerant
403 1145 567 1212 doctrinae
582 1145 700 1231 copias,
722 1150 793 1212 tota
807 1145 986 1211 effuderant
1006 1145 1171 1229 copiarum
1192 1164 1321 1221 cornua,

149 1273 260 1316 omnes
287 1250 438 1320 Graeciae
472 1252 610 1339 angulos
640 1253 681 1318 ad
711 1275 806 1320 voces
834 1275 1005 1338 moresque
1030 1252 1081 1317 his
1107 1250 1240 1316 vocibus
1265 1271 1321 1314 ex·

147 1380 276 1444 pressos
298 1359 504 1445 explicandos
525 1363 795 1447 perreptaverent,
816 1359 906 1426 nulla
926 1359 1062 1425 fortasse
1082 1358 1146 1425 fuit
1165 1357 1321 1443 placenta,

147 1467 275 1533 nullum
295 1489 359 1547 vas,
379 1467 469 1533 nulla
488 1469 636 1535 staminis
655 1491 744 1555 pars,
764 1467 854 1534 nulla
874 1468 1002 1554 navigii,
1022 1464 1320 1533 nullushominum

146 1574 389 1660 bestiarumque
424 1574 591 1660 articulus,
631 1598 769 1661 qnorum
800 1598 867 1641 non
903 1576 1035 1642 nomina
1070 1574 1321 1660 exploraverant,

147 1683 266 1768 quibus
281 1682 396 1749 studiis
411 1704 485 1749 cum
505 1684 586 1751 alios
606 1689 719 1770 poetas
741 1689 812 1750 tum
832 1706 909 1751 vero
931 1683 1072 1749 comicos
1094 1682 1225 1768 egregie
1246 1680 1320 1746 illu·

145 1794 266 1857 stratos
293 1812 363 1857 asse
387 1796 422 1857 et
446 1814 504 1879 per
530 1815 564 1859 se
584 1796 676 1878 patet
701 1796 735 1858 et
757 1791 913 1877 reliquiae
940 1794 1111 1856 testantur.
1150 1788 1215 1856 Sed
1240 1787 1320 1853 haec

145 1896 302 1984 pleraque
335 1897 377 1964 ad
407 1920 589 1965 sermonem
617 1904 820 1984 aetatemque
844 1898 992 1977 Homeri,
1018 1898 1108 1964 cuius
1137 1896 1205 1980 ipse
1235 1917 1319 1960 unns

146 2007 237 2072 tesffis
256 2009 316 2085 est,
337 2009 474 2073 autnon
488 2011 640 2092 poterant
656 2007 818 2073 admoveri
833 2012 890 2072 aut
904 2006 1033 2072 admota
1047 2004 1190 2070 veritatis
1206 2002 1319 2068 lumini

147 2113 335 2181 effecerunt
373 2111 529 2180 Nondum
553 2115 778 2181 intellexerant
802 2114 919 2201 glossis
944 2113 1111 2200 explicatis
1141 2112 1182 2177 ad
1201 2111 1320 2176 iustam

146 2220 282 2288 Homeri
302 2220 600 2307 interpretationem
612 2222 777 2288 minimam
789 2226 915 2309 partem
936 2222 1033 2299 effici3
1055 2222 1126 2307 ipsa
1147 2241 1228 2305 quae
1250 2218 1320 2283 vul·

146 2329 317 2415 gatissima
329 2329 515 2396 viderentur
532 2331 746 2416 pertentanda
768 2334 801 2395 et
821 2331 863 2395 ad
876 2329 1011 2395 Homeri
1031 2329 1178 2416 regulam
1200 2326 1319 2393 exami-

145 2437 251 2502 nanda
267 2459 339 2503 esse
359 2438 506 2504 nondum
525 2437 561 2502 in
582 2437 724 2503 animum
744 2438 946 2504 induxerant.
982 2437 1055 2502 Hoc
1075 2436 1192 2522 partim
1214 2434 1320 2500 effecit

145 2549 259 2629 poetae
275 2546 499 2631 perspicuitas,
520 2566 603 2630 qnae
618 2546 648 2611 ei
666 2566 769 2630 saepe,
790 2549 828 2610 ut
841 2543 980 2611 Wolfius
1000 2547 1087 2610 recte
1110 2543 1198 2623 dixit,
1214 2541 1320 2607 fraudi

145 2651 217 2732 loit3
243 2651 368 2738 partim
389 2651 583 2736 philologiae
604 2675 671 2720 non
693 2652 796 2718 dicam
817 2652 1079 2729 condonandum,
1108 2652 1164 2717 sed
1185 2650 1265 2716 utile
1287 2652 1320 2714 et

145 2760 363 2826 necessarium
394 2764 445 2825 est
474 2781 545 2827 sero
576 2759 771 2846 intelligere,
806 2760 1003 2845 amputando
1039 2764 1141 2824 artem
1168 2779 1318 2824 crescere.

146 2866 239 2945 Quod
255 2888 320 2953 ego
336 2889 423 2931 nunc
445 2867 484 2932 de
504 2867 683 2954 primorum
697 2868 990 2934 Alexandrinorum
1010 2867 1125 2933 studiis
1138 2864 1319 2931 Homericis

146 2976 290 3060 disputo,
309 2974 398 3041 idem
420 2974 459 3040 de
480 2973 706 3060 Hippocrateis
727 2976 829 3042 sensit
850 2975 998 3042 Galenus.
1033 2974 1128 3053 Quod
1149 2978 1216 3037 tam
1238 2972 1319 3037 bene

144 3083 248 3149 verbis
271 3082 432 3167 expressit
456 3085 587 3167 tamque
613 3088 687 3167 apte
709 3084 750 3149 ad
770 3082 949 3149 Homerum
976 3086 1013 3149 ut
1032 3082 1113 3147 haec
1133 3080 1197 3146 nisi
1218 3102 1319 3165 appo·

144 3212 253 3257 nerem
275 3189 429 3255 minuam
449 3188 553 3255 facere
574 3190 699 3255 viderer
719 3190 912 3277 legentibus.
946 3191 1051 3256 Locus
1069 3188 1122 3253 hic
1137 3192 1187 3255 est
1207 3186 1318 3272 (praef.
1331 3190 1385 3260 (54)

143 3319 209 3365 voc.
223 3295 327 3384 Hipp.
342 3321 374 3383 p.
388 3299 475 3381 400):
496 3291 559 3361 ὅσα
580 3292 690 3362 τοίνυν
703 3300 768 3362 τῶν
786 3290 961 3382 ὀνομάτων
983 3293 1018 3361 tv
1037 3291 1098 3379 μὲν
1117 3296 1189 3372 τοῖς
1209 3288 1319 3358 πάλαι

142 3403 271 3488 χρόνοις
285 3395 328 3493 ἦν
341 3396 484 3491 συνήθη,
508 3400 578 3469 νυνί
599 3399 629 3469 d'
654 3397 765 3471 οὖννίτι
779 3398 860 3482 ἐστί,
882 3401 923 3469 τὰ
940 3399 1002 3488 μὲν
1015 3405 1154 3470 τοιαῦτα
1168 3393 1321 3486 γλώσσας

142 3512 286 3579 καλοῦσι
312 3508 370 3578 καί
395 3515 498 3576 ταῦτα
519 3505 655 3597 (ταύτας
676 3514 743 3600 ad.)
768 3505 1007 3600 ἐξηγησάμενος
1026 3506 1176 3597 ἔρχομαι·
1206 3503 1320 3573 τὰδὲ

143 3611 243 3685 duta
258 3613 408 3697 πάντα,
425 3614 495 3685 ὅσα
511 3614 706 3708 ζητήσεως
717 3616 788 3704 μὲν
804 3613 871 3702 οὐχ
889 3615 1053 3710 ἥττονος
1066 3618 1316 3705 προσδεῖται,

141 3721 269 3816 συνήθη
294 3723 335 3793 δέ
357 3723 447 3793 ἐστιν
467 3720 516 3805 τίς
534 3723 630 3813 τάδε,
656 3726 741 3793 κατὰ
762 3726 822 3807 τὰς
841 3732 910 3797 τῶν
930 3720 1191 3815 συγγραμμάτων
1212 3716 1319 3792 αὐτῶν

141 3832 307 3926 ἐξηγήσεις
322 3827 460 3917 ίίμεινον
472 3831 749 3908 ἐπισκοπεῖσθαι.
772 3831 824 3915 τίς
834 3836 897 3923 γὰρ
911 3830 1050 3926 ἡκρίσις
1060 3832 1118 3901 καί
1130 3830 1164 3900 τί
1173 3831 1212 3901 τὸ
1221 3834 1320 3899 θεῖον

141 3942 198 4010 καί
212 3940 247 4010 τί
259 3942 300 4012 τὸ
325 3935 446 4028 ἀρτίως
460 3940 517 4008 καί
529 3936 611 4028 τίςὴ
632 3936 683 4009 ἐπ’
701 3936 811 4033 dispare
831 3924 938 4026 τίεξία
959 3942 1017 4011 καί
1036 3936 1141 4009 πάνθ’
1166 3939 1230 4008 ὅσα
1249 3962 1315 4005 τοι·
1333 3964 1367 4015 45

141 4056 224 4120 αὕτα
240 4046 345 4138 λόγου
359 4047 423 4134 μίν
436 4046 638 4140 παμμήκους
652 4044 700 4129 τίς
717 4046 868 4140 ἐξήγησιν
883 4052 1001 4132 δεῖται,
1023 4045 1153 4140 συνήθη
1173 4045 1211 4115 δέ
1229 4045 1318 4115 ἐστιν

139 4154 236 4227 οὐδὲν
248 4149 354 4247 ἧττον
368 4152 390 4247 ἢ
403 4151 480 4242 βίος
498 4156 555 4224 καί
576 4157 700 4243 βραχὺς
721 4156 778 4226 καί
798 4156 891 4248 τέχνη
913 4159 971 4228 καί
990 4157 1102 4244 μακρὰ
1125 4155 1183 4224 καί
1202 4157 1318 4241 καιρὸς

138 4266 194 4335 καί
208 4262 301 4350 ὀξύς·
326 4261 439 4333 καίτοι
452 4264 510 4332 καί
527 4260 658 4333 τούτων
672 4261 746 4335 ἔνια
769 4264 877 4334 δεῖταί
889 4292 979 4348 τινος
1001 4262 1192 4354 ἐξηγήσεως.
1223 4260 1319 4330 ὅθεν

141 4368 265 4463 ἔμοιγε
280 4373 346 4443 καί
361 4373 569 4458 θαυμάζειν
585 4372 734 4463 ἐπῆλθε
749 4380 823 4442 τῶν
837 4373 989 4443 ὅίιιασαν
1002 4373 1235 4464 ἐξηγεῖσθαι
1251 4371 1319 4459 τὴν
