3425 4934
349 300 388 369 60
431 296 467 356 H.
493 296 534 358 De
553 296 730 359 Arhturchea
746 296 946 360 vocabulorum
965 298 1175 360 Homericomm
1192 300 1432 376 interpretatione.

349 468 519 547 illustrare,
542 492 623 556 quac
646 471 825 536 declaratur
842 471 894 536 his
915 472 1052 557 geminis
1074 472 1237 556 exemplis.
1280 476 1311 534 (D
1333 476 1393 539 502
1415 466 1520 555 Λητὼ

283 575 337 645 (71)
351 571 388 638 δὲ
402 571 574 641 συναίνυτο
588 571 748 658 καμπύλα
769 571 850 658 τόξα
871 571 1032 643 πεπτεῶτ’
1057 570 1194 656 άλλοδις
1214 571 1303 643 dita
1323 575 1407 662 μετὰ
1428 598 1522 663 στρο-

350 677 491 771 φάλιγγι
505 678 633 770 κονίηςε
654 679 708 749 ότι
728 681 848 767 μίμιχε
868 683 926 752 τὸν
945 683 1030 749 κατὰ
1050 689 1109 751 τοῦ
1128 678 1226 765 τόξου
1249 682 1350 770 λόγον
1368 688 1416 770 τῷ
1436 682 1521 749 κατὰ

348 792 414 852 τιῦν
434 788 554 872 βελιῦν·
583 791 742 874 καμπύλα
769 789 831 875 μὲν
851 789 914 876 γὰρ
934 790 976 857 τὰ
996 788 1094 873 τόξα,
1122 796 1300 858 πεπτεῶτα
1327 787 1358 858 δ’
1384 786 1524 869 άλλοδις

350 888 435 985 άλλη
455 894 498 961 τὰ
515 895 611 984 βέλη·
632 892 679 978 ὡς
697 899 806 980 χοῖνιξ
823 896 862 965 τὸ
884 903 1026 983 μετροῦν
1046 898 1103 964 καί
1121 893 1161 963 τδ
1181 895 1403 985 μετρούμενον
1425 903 1454 984 (τ
1469 903 1522 983 28)

349 1003 407 1069 καί
427 997 548 1090 κοτύλη
569 1008 601 1089 (ο
623 1013 692 1076 312.
714 1032 732 1091 ρ
756 1010 815 1092 12),
839 1004 944 1086 ούταις
963 1005 1020 1073 καί
1042 1005 1083 1071 τὰ
1105 1002 1275 1092 βάλλοντα
1296 1006 1414 1074 καὶτὰ
1437 1005 1523 1089 βαλ-

349 1107 474 1192 λόμενα
487 1109 574 1190 τόξα.
610 1117 703 1182 1324
725 1111 778 1180 ὅτι
798 1111 830 1181 οἱ
851 1110 1109 1203 γλωσσογράφοι
1129 1110 1284 1196 μάστακα
1304 1114 1365 1201 τὴν
1387 1108 1520 1198 ἀκρίδα,

350 1216 427 1284 δέον
446 1215 586 1307 μάσημα
607 1219 664 1285 καί
684 1226 817 1307 βροῦμα·
840 1221 946 1288 ἐνίοτε
968 1220 1005 1287 δὲ
1026 1220 1083 1287 καί
1104 1216 1186 1289 αύτδ
1209 1222 1248 1287 τὸ
1268 1218 1375 1304 στόμα
1397 1216 1524 1303 ὁμωνύ-

348 1351 429 1409 μως,
452 1323 611 1411 καθάπερ
634 1326 671 1395 τδ
691 1330 800 1410 χοῖνιξ
819 1332 906 1418 (cod.
925 1326 1075 1415 χοίνικα)
1095 1329 1134 1397 τὸ
1148 1327 1269 1416 μέτρον
1283 1330 1524 1417 (ἙἨοδλτεαδετ

349 1430 508 1521 καθάπερ
528 1430 660 1516 χοίνικα
680 1436 719 1502 τὸ
741 1439 897 1524 μετροῦν)
920 1436 1035 1503 καὶτὸ
1057 1433 1289 1520 μετρούμενον·
1314 1430 1412 1515 ,ἀλλ’
1427 1430 1521 1501 Ὀδο-

349 1541 425 1621 σεύς
451 1540 508 1608 ἐπὶ
533 1539 688 1626 μάστακα
714 1544 804 1628 χερσί
829 1542 963 1624 πίεζεά(
989 1546 1023 1628 (δ
1043 1549 1126 1629 287).
1169 1545 1222 1612 Sic
1250 1546 1350 1632 igitur
1375 1546 1451 1628 (hoc
1476 1545 1524 1609 illi

350 1652 412 1717 sibi
426 1652 553 1735 volunt)
567 1647 667 1732 βέλος
679 1649 718 1716 τὸ
733 1648 862 1733 βάλλον
875 1651 932 1717 καί
950 1649 989 1719 τὸ
1003 1649 1212 1735 βαλλόμενον
1225 1652 1277 1718 vel
1291 1650 1329 1718 τδ
1344 1655 1525 1734 τιτριόσκον

349 1756 461 1824 καὶτὸ
481 1754 751 1844 τιτρωσκόμενον.
772 1797 815 1807 -
835 1759 874 1826 In
894 1761 977 1827 illud
996 1763 1136 1843 μετροῦν
1157 1757 1214 1825 καί
1234 1758 1453 1843 μετρούμενον
1473 1760 1525 1824 in·

350 1867 437 1933 cides
462 1868 547 1952 apud
567 1867 777 1933 Plutarchum
798 1868 859 1935 det
887 1891 970 1934 orac.
998 1865 1042 1950 ιβ
1064 1860 1153 1932 ἀλλὰ
1178 1867 1245 1957 μὴν
1265 1861 1399 1933 κάκεῖνο
1422 1865 1525 1956 δῆλον

349 1972 388 2041 τὸ
410 1967 578 2052 πολλάκις
601 1972 640 2040 τὸ
667 1978 807 2058 μετροῦν
832 1973 890 2039 καί
915 1973 954 2042 τδ
975 1971 1197 2060 μετρούμενον
1216 1979 1287 2053 τοῖς
1313 1968 1426 2052 αύτοῖς
1446 1964 1525 2041 δνό-

349 2102 434 2165 μασι
460 2075 785 2166 προσαχορεύεσθσι,
810 2076 951 2169 κοτύλην
976 2081 1034 2148 καί
1057 2079 1190 2164 χοίνικα
1210 2081 1268 2148 καί
1289 2074 1446 2167 άμφορὲα
1467 2078 1526 2145 καί

349 2185 520 2272 μέδιμνον.
557 2189 646 2268 Quae
668 2190 829 2256 simillime
847 2190 987 2276 legifflus
1009 2192 1094 2276 apud
1113 2191 1296 2278 Longinum
1317 2189 1440 2276 proleg.
1455 2189 1525 2256 He·

350 2297 472 2382 phaest
487 2322 515 2378 p.
535 2306 593 2364 150
607 2297 690 2381 hips.
707 2299 772 2384 <ss
792 2304 829 2366 16
843 2298 1021 2384 Westph.>.
1046 2298 1212 2365 Invenitur
1232 2296 1271 2363 τὸ
1293 2293 1446 2384 περιέχον
1468 2294 1525 2360 καί

350 2400 594 2485 περιεχόμενον,
615 2427 642 2471 e.
658 2405 806 2490 g.Epin1.
822 2405 918 2471 Hom.
936 2412 1006 2484 197,
1021 2412 1061 2473 32
1076 2407 1120 2492 (v,
1135 2406 1243 2473 Lehrs.
1259 2405 1378 2472 Herod.
1393 2428 1424 2490 p.
1440 2405 1525 2489 136).

432 2509 541 2576 [λοισι]
568 2514 669 2577 restat
693 2513 728 2576 in
754 2512 885 2577 scholiis
914 2515 1002 2598 quod
1023 2514 1087 2578 huc
1109 2514 1250 2598 pertinet
1271 2514 1368 2598 idque
1390 2513 1429 2577 de
1450 2513 1524 2578 Ari·

351 2619 478 2684 starcho
501 2620 669 2702 quaerenti
690 2620 918 2703 gratissimum.
953 2621 1115 2687 Admouet
1141 2622 1227 2686 enim
1253 2621 1352 2705 (quod
1372 2621 1414 2685 ad
1433 2622 1523 2687 teati-

350 2727 458 2791 monia
491 2727 530 2791 de
558 2748 596 2791 eo
625 2725 743 2790 tradita
764 2730 849 2792 recte
871 2727 1076 2793 diiudicanda
1095 2728 1263 2813 permagni
1284 2729 1440 2793 momenti
1462 2732 1524 2809 est)

351 2834 488 2918 optimas
503 2834 572 2899 eiua
594 2833 835 2899 observationes
850 2857 870 2898 a
883 2829 1115 2919 posterioribus
1135 2836 1352 2921 grammaticis
1372 2857 1523 2900 nonnun-

351 2963 448 3024 quam
475 2940 613 3006 dederas
639 2961 676 3005 ac
701 2941 809 3025 potius
836 2941 980 3007 detortas
1002 2964 1081 3007 esse.
1116 2941 1202 3007 Nam
1223 2960 1296 3007 cum
1318 2941 1522 3007 Aristarchus

351 3048 567 3128 observasset,
591 3041 731 3130 βάλλειν
757 3047 819 3112 dici
844 3049 1067 3114 tantummodo
1091 3051 1129 3115 de
1152 3051 1276 3115 eminus
1296 3049 1381 3113 iacto
1402 3048 1525 3126 missili,

350 3176 455 3239 neque
476 3154 594 3220 idcirco
617 3154 833 3221 offenderetur
852 3156 930 3234 isto,
952 3176 1017 3240 quo
1037 3155 1197 3222 Homerus
1218 3158 1335 3235 utitur,
1362 3149 1525 3235 σχεδόθεν

350 3256 444 3345 βάλε,
467 3262 617 3327 inventus
640 3267 689 3328 est
710 3262 767 3347 qui
788 3284 828 3327 ex
848 3261 907 3328 illa
927 3263 1107 3329 rectissima
1129 3263 1353 3329 observatione
1374 3284 1523 3348 perverse

351 3369 561 3434 contenderet
574 3364 737 3448 σχεδόθεν
750 3362 853 3451 βάλεν
867 3368 1029 3451 (videlicet
1035 3372 1196 3436 contraria
1203 3371 1277 3455 sibi)
1293 3393 1358 3435 non
1369 3371 1524 3455 coniungi

303 3487 336 3538 σο
353 3498 458 3561 posse.
494 3475 571 3541 Fuit
591 3477 619 3541 is
640 3476 802 3559 Seleucus,
822 3478 954 3542 minime
975 3477 1130 3563 ignobilis
1145 3478 1390 3564 grammaticus:
1412 3500 1441 3546 v.
1457 3479 1523 3542 sch.

351 3582 383 3649 V
404 3584 444 3649 ad
471 3587 509 3646 H
528 3589 597 3651 807.
639 3581 762 3668 Inepte.
805 3587 835 3647 P
853 3591 914 3653 600
943 3579 961 3648 ὁ
989 3580 1050 3668 γάρ
1077 3580 1103 3669 ῥ’
1132 3580 1233 3668 ἔβαλε
1259 3583 1375 3664 σχεδὸν
1401 3580 1523 3649 ἐλθών.

352 3690 447 3769 Quod
466 3691 542 3756 hinc
565 3690 732 3757 didicimus
755 3692 844 3776 ipsos
871 3691 1046 3776 discipulos
1071 3714 1168 3777 prave
1195 3715 1428 3777 nonnunquam
1449 3693 1524 3757 Ari-

352 3799 470 3864 starchi
487 3799 666 3864 doctrinam
679 3800 909 3884 interpretatos
924 3822 1003 3880 esse,
1024 3823 1063 3865 eo
1079 3804 1206 3866 utemur
1226 3803 1260 3865 in
1281 3801 1436 3885 proximo,
1458 3822 1524 3884 quo

351 3906 414 3970 iam
435 3905 567 3971 festinat
589 3908 701 3972 oratic.

434 4139 453 4221 5
468 4145 496 4205 2.
525 4137 566 4205 Π.
594 4131 733 4220 βάλλειν
745 4131 820 4202 τινά
835 4159 903 4204 non
918 4139 1077 4224 significat
1097 4141 1184 4225 apud
1198 4136 1376 4205 Homerum
1396 4143 1524 4224 „petere

351 4244 518 4328 aliquem“‚
541 4245 597 4310 sed
617 4250 830 4331 ‚‚percutere.“

434 4351 496 4435 (Ea
515 4354 679 4437 percussio
705 4355 792 4439 quod
820 4357 878 4419 aut
898 4374 969 4417 cum
992 4351 1124 4419 vulnere
1141 4357 1191 4420 est
1212 4356 1268 4418 aut
1289 4354 1358 4419 sine
1379 4354 1523 4433 vulnere,
