3425 4934
490 309 515 359 3.
539 305 669 374 δεῖπνον,
685 296 799 377 δόρπον
814 305 856 377 (et
874 297 1013 378 ἄριστον).
1280 314 1336 374 129

245 466 342 557 ἡμεῖς
362 467 401 536 dd
421 470 595 556 κλαυθμὸν
615 468 676 555 μὲν
698 466 850 556 ἐάσομεν,
875 461 914 552 ὃς
933 470 1012 560 πρίν
1033 466 1169 559 ἐτύχθη·

247 575 375 665 δόρπου
400 571 433 643 δ>
457 576 587 660 ἐξαῦτις
605 576 813 668 μνησώμεθα
836 619 874 631 -

164 692 183 754 i.
206 713 234 756 e.
256 689 382 754 denuo
409 690 496 771 (nem
521 688 583 754 hoc
610 711 736 775 semper
761 689 924 777 significet
950 684 1081 767 ἐξαῦτις
1108 688 1194 774 apud
1214 686 1337 754 Home·

164 801 247 880 rum)
274 818 392 862 coenae
418 818 576 863 memores
604 798 713 865 simus.
755 797 845 864 Haec
874 797 982 862 omnia
1008 797 1129 881 optime
1150 795 1338 881 procedunt,

164 904 226 970 nisi
243 928 271 971 v.
292 912 330 973 61
354 903 520 971 Menelaus
542 904 687 991 hospites
708 906 867 970 intrantes
887 903 1056 989 alloquens
1078 905 1124 969 sio
1146 903 1278 970 diceret:

245 1005 337 1077 σίτου
362 1004 402 1077 θ’
426 1007 600 1078 ἅπτεσθον
622 1009 678 1078 καί
696 1007 869 1097 χαίρετον]
890 1002 993 1092 αὐτὰρ
1015 1005 1131 1075 ἔπειτα

247 1113 408 1184 δείπνου
430 1115 634 1201 πασσαμένω
658 1111 853 1207 εἰρησόμεθ’
879 1114 999 1196 οἵτινές
1020 1115 1124 1185 ἐστον.

164 1226 300 1294 Vossius
331 1227 429 1294 solvit
460 1229 522 1295 hoo
548 1230 659 1295 modo:
691 1227 756 1309 „lm
787 1249 910 1315 genzen
938 1227 1061 1294 Homer
1087 1228 1226 1314 beginnt
1247 1227 1338 1312 jedes

165 1334 302 1401 δεῖπνον
322 1358 375 1401 em
395 1335 595 1421 Vormittag,
622 1335 769 1401 wiewohl
792 1357 826 1402 es
848 1336 897 1401 ela
918 1334 1082 1401 fastlieher
1104 1336 1181 1401 oder
1201 1334 1339 1419 uppigar

164 1442 321 1511 Sohmaus
354 1443 404 1508 bis
439 1467 512 1509 zum
537 1444 653 1510 Abend
686 1443 829 1530 gedehnt
859 1443 988 1509 werden
1019 1442 1119 1507 kann:
1156 1442 1255 1507 daher
1284 1442 1339 1505 der

164 1550 321 1619 Sohmaus
350 1553 405 1618 des
426 1551 593 1618 Menelaos
621 1551 679 1618 od
700 1550 748 1617 IV
769 1558 808 1619 61
832 1549 967 1616 δεῖπνον
994 1550 1059 1615 und
1080 1550 1154 1616 bald
1177 1549 1292 1615 darauf
1310 1572 1337 1614 v.

164 1665 224 1728 213
247 1655 375 1744 δόρπον
400 1664 546 1747 genennt
566 1659 658 1738 wird,
687 1659 754 1724 und
778 1657 837 1723 XX
857 1662 918 1727 390
941 1657 1015 1723 dem
1036 1656 1171 1722 δεῖπνον
1192 1657 1261 1723 siah
1284 1657 1339 1722 das

166 1763 294 1853 δόρπον
315 1766 532 1834 ensehliesst“.
563 1764 682 1832 Nescio
705 1766 783 1851 quid
803 1766 872 1831 viro
893 1765 1118 1832 immortaliter
1139 1765 1178 1830 de
1196 1763 1339 1828 Homero

168 1874 282 1941 merito
304 1875 461 1941 hocloco
483 1875 640 1942 acciderit.
676 1872 762 1941 Nem
782 1872 841 1939 XX
864 1878 923 1941 390
945 1874 1030 1939 inter
1051 1872 1187 1938 daimon
1210 1876 1244 1938 et
1264 1865 1338 1952 δόρ-
1351 1878 1422 1947 (135)

167 2005 233 2049 πον
260 1986 330 2049 tota
356 1986 405 2048 est
428 1975 527 2062 τόξου
553 1979 661 2059 θέσις.
710 1981 764 2047 Fit
794 1981 857 2047 hoo
886 1981 958 2046 loco
986 1980 1073 2065 quod
1097 1981 1217 2065 ubique
1242 1980 1280 2044 fit
1306 1979 1340 2043 in

168 2091 311 2175 Odyssea
331 2090 388 2156 nbi
410 2090 560 2175 epulandi
581 2089 686 2177 gratia
706 2090 740 2153 in
762 2089 830 2155 otio
853 2088 1065 2165 conveniunt3
1094 2087 1244 2168 δεῖπνον,
1266 2087 1340 2152 dein

168 2202 296 2279 cantus,
322 2198 466 2278 saltatio,
494 2197 558 2263 alie
578 2198 712 2277 ludicre,
739 2201 809 2262 tum
836 2192 977 2279 δόρπον,
1006 2196 1079 2262 dein
1107 2217 1340 2280 nonnunquam

169 2306 285 2371 iterum
310 2305 396 2386 ludi,
423 2329 526 2392 usque
549 2306 624 2371 dum
651 2305 804 2371 convivae
832 2305 964 2371 domum
994 2304 1176 2384 disoedunt;
1207 2324 1286 2388 ergo
1313 2303 1341 2367 si

168 2417 255 2479 reete
282 2413 447 2500 intelliges
471 2436 631 2500 nusquam
657 2435 724 2480 non
747 2412 883 2478 daimon
904 2416 937 2478 et
959 2404 1087 2496 δόρπον
1108 2411 1290 2479 continuari
1306 2410 1341 2474 in

170 2521 424 2606 adparetioribus
446 2521 548 2606 epulis
569 2522 631 2587 dici
652 2524 769 2606 potest
803 2519 848 2586 Ht
868 2520 954 2586 idem
975 2522 1181 2588 statuendum
1204 2521 1243 2586 de
1262 2541 1341 2604 epu·

168 2628 209 2695 lis
229 2628 378 2696 Menelai.
413 2628 502 2715 Ergo
525 2630 552 2695 si
573 2629 654 2696 illud
677 2624 814 2694 δείπνου
836 2625 1041 2712 πασσαμένω
1062 2629 1147 2695 tueri
1168 2627 1256 2706 velis,
1277 2625 1340 2691 hoe
1358 2633 1407 2685 1³⁰

169 2736 305 2803 fortasse
332 2736 436 2803 dicere
461 2736 585 2819 licebit,
610 2735 795 2803 Menelaum
821 2758 895 2802 eum
923 2738 1046 2804 nesciat
1071 2743 1179 2803 utrum
1206 2756 1341 2821 peregre

171 2845 378 2911 advenientes
403 2845 547 2931 hospites
573 2844 637 2909 iam
659 2845 722 2910 hoc
750 2844 800 2910 die
822 2845 1029 2911 ooeneverint
1054 2866 1163 2911 ennon
1183 2840 1341 2909 vocabulo

170 2952 267 3038 paulo
294 2953 493 3038 generaliore
518 2953 567 3018 uti
595 2951 743 3031 δεῖπνον;
771 2956 880 3037 potest
906 2954 992 3018 enim
1012 2953 1082 3018 fieri
1103 2956 1141 3018 ut
1162 2951 1248 3036 quod
1270 2950 1341 3015 eliis

170 3061 234 3127 iem
261 3053 387 3143 δόρπον
411 3060 445 3125 id
469 3059 548 3144 ipsis
574 3060 745 3145 impransis
772 3059 908 3125 δεῖπνον
933 3061 976 3126 sit
996 3061 1015 3127 i.
1038 3083 1064 3126 e.
1085 3059 1189 3145 prime
1213 3057 1341 3134 lautior,

172 3190 235 3253 que
260 3167 323 3234 hoo
344 3167 395 3233 die
415 3150 580 3248 fruuntur,
605 3189 713 3234 coena.
755 3168 911 3233 Attamen
938 3170 1060 3253 quanto
1086 3167 1200 3232 melius
1223 3170 1273 3232 est
1293 3166 1342 3231 di·

172 3297 242 3340 cere
271 3267 407 3341 δείπνου
433 3275 496 3341 hoo
525 3275 597 3340 loeo
625 3297 644 3340 a
669 3278 766 3359 poeta
786 3297 853 3341 non
874 3275 1054 3360 profectum
1076 3275 1132 3340 sed
1152 3276 1343 3340 translatum

173 3405 240 3448 esse
263 3404 303 3447 ex
323 3404 344 3446 α
368 3388 426 3450 124
449 3376 584 3447 δείπνου
606 3377 822 3465 πασσάμενος
841 3374 1016 3468 μυθήσεαι
1037 3375 1131 3445 όττεό
1152 3403 1191 3446 σε
1209 3376 1318 3468 χρήῑὸ.

252 3489 461 3556 Recentiores
483 3484 611 3574 δόρπον
630 3491 750 3577 partim
770 3512 829 3576 pro
852 3490 925 3555 cibo
947 3493 1113 3575 usurpant,
1134 3493 1173 3555 ut
1191 3489 1343 3575 Apollon.

173 3596 298 3667 111301
328 3591 443 3682 δόρπῳ
469 3618 505 3661 τε
532 3594 656 3685 ποτῆτί
681 3621 717 3663 τε
742 3595 854 3679 θυμὸν
882 3590 1035 3682 όίρεσσαν,
1060 3596 1158 3683 Orph.
1182 3599 1259 3683 Arg.
1282 3604 1343 3665 408

175 3697 245 3770 ἀλλ’
268 3702 323 3770 ὅτε
344 3701 385 3790 δὴ
410 3696 554 3789 δόρποιο
576 3708 683 3772 ποτοῦ
702 3697 738 3771 θ’
763 3700 839 3784 ἅλις
864 3699 984 3772 ἔλπετο
1006 3700 1127 3788 θυμός,
1151 3705 1238 3790 quod
1258 3703 1344 3788 epud

174 3812 351 3880 Homerum
378 3817 427 3879 est
453 3807 561 3879 σίτοιο
586 3805 649 3900 ἠδὲ
668 3815 823 3901 ποτῆτος.
864 3814 998 3899 Saepius
1022 3814 1067 3879 sio
1089 3833 1166 3878 usus
1187 3811 1343 3878 vocabulo

242 4052 267 4092 ⁷⁵
283 4048 398 4104 Summa
412 4050 514 4120 poetae
526 4064 571 4103 ars
583 4048 707 4105 cernitur
723 4065 787 4103 oum
798 4066 874 4103 nune
886 4065 942 4119 qno
955 4047 1039 4102 modo
1052 4047 1225 4116 apparentur
1241 4060 1344 4099 coenae

177 4135 285 4205 eopiosa
303 4132 441 4205 depingit
458 4136 492 4190 ut
508 4133 579 4189 nihil
596 4132 815 4205 praetermittat,
836 4151 912 4188 nune
929 4132 1102 4203 gravioribus
1120 4130 1202 4184 rebus
1219 4128 1345 4187 instanti·

177 4219 226 4274 bns
247 4219 367 4276 strictim
387 4222 496 4289 tangat.
531 4218 675 4274 Summum
701 4220 815 4289 poetam
841 4234 961 4287 agnosco
984 4216 1015 4270 in
1037 4215 1091 4270 fine
1113 4214 1250 4284 Odysseae
1271 4233 1293 4283 p
1317 4217 1346 4269 et

176 4302 256 4361 initio
272 4323 300 4375 χ,
318 4303 368 4359 nbi
385 4303 517 4359 videlicet
534 4320 682 4374 compages
699 4303 778 4357 hiare
796 4303 946 4357 videbitur.
975 4301 1063 4355 Adest
1074 4316 1161 4355 coena
1178 4297 1345 4370 vespertine,

175 4389 222 4446 red
240 4390 395 4460 adparatnr
411 4388 496 4444 nulla.
525 4388 640 4458 Aliquid
658 4386 747 4442 simile
764 4388 870 4443 fectum
887 4386 917 4440 in
935 4385 1077 4454 Pyliorum
1096 4383 1237 4440 sacrificio.

225 4478 333 4528 heheu,
347 4476 483 4518 Aristoteli.
1120 4474 1137 4523 9
