3425 4934
452 346 474 398 1.
505 339 653 399 Aristonici
671 341 741 398 libor
758 341 794 397 do
811 343 885 399 notis
902 342 1062 399 Aristarchi.
1324 351 1343 414 9

170 510 265 575 choos
279 509 345 575 sibi
358 510 518 578 othctcses
532 512 659 596 exponi,
676 511 946 578 sufficit·lcctorcs
960 513 1120 579 remisisse
1136 512 1177 577 ad
1188 510 1344 577 Wolfium

169 618 250 703 prol.
271 641 305 704 p.
329 617 487 685 cccxxi.

253 837 273 921 ἕ
295 842 324 904 6.
361 835 443 903 Mihi
461 836 547 903 enim
566 837 618 903 his
640 838 775 916 omissis,
798 838 916 923 quihus
937 860 987 903 rcs
1010 837 1226 917 confirmetur,
1247 859 1344 921 quam
1361 845 1378 893 9

172 945 233 1011 sibi
248 943 389 1030 singuiis
404 946 540 1031 quisque
555 946 683 1031 paginis
699 945 836 1030 experiri
849 949 967 1030 potest,
988 945 1029 1010 ad
1050 967 1088 1010 oa
1108 943 1345 1029 properandum

173 1057 233 1134 est,
260 1075 345 1137 quac
374 1052 437 1118 nisi
461 1057 548 1118 recto
569 1053 709 1119 iudicato
731 1054 927 1119 contrarium
949 1052 1083 1119 suadere
1105 1051 1156 1117 vel
1178 1052 1275 1118 ctiam
1296 1054 1345 1116 te·

173 1161 249 1225 stari
268 1160 447 1227 videantur.
480 1159 626 1227 Primum
646 1161 694 1227 illi
714 1161 939 1229 considerandi
960 1160 1034 1237 loci,
1057 1160 1175 1245 quibus
1194 1182 1253 1246 pro
1274 1160 1346 1227 vul-

173 1267 242 1354 gari
259 1290 320 1334 suo
342 1260 362 1354 ἡ
386 1265 490 1355 διπλῆ
512 1262 563 1332 ὅτι
584 1270 634 1335 νε]
655 1267 694 1337 τὸ
716 1271 851 1354 σημεῖον
871 1262 925 1333 ὅτι
946 1269 1049 1335 utitur
1068 1268 1147 1335 hoo:
1173 1269 1347 1355 σημειοῦν·

171 1369 229 1439 τοί
246 1396 344 1454 τινες,
366 1398 448 1461 quac
468 1398 529 1442 nos
550 1399 613 1443 vox
633 1379 674 1444 sb
695 1378 885 1444 Aristarcho
907 1379 949 1444 ad
969 1377 1051 1444 alios
1073 1376 1188 1443 ducere
1209 1376 1345 1442 videtur.

173 1484 282 1551 E253
304 1487 469 1567 γενναῖον·
494 1480 710 1571 σημειοῦνταί
735 1508 822 1563 τινες
847 1480 901 1551 ὅτι
923 1480 1028 1562 οῦτως
1053 1477 1182 1571 εἴρηται
1208 1479 1344 1568 ἐγγενίς,

173 1586 324 1674 πάτριον.
359 1594 572 1679 σημειοῦνται
594 1590 632 1659 δὲ
651 1592 709 1660 καὶ
728 1592 765 1660 τὸ
788 1586 933 1672 ,,άκνείω
956 1584 988 1657 δ’
1012 1591 1153 1657 ίππων“
1168 1594 1254 1676 (255)
1275 1583 1348 1657 ἀντὶ

173 1701 231 1764 τοῦ
256 1692 405 1786 ὀκνηρῶς
432 1694 505 1780 ἔχω.
539 1698 625 1781 τινάς
651 1699 688 1768 δὲ
710 1698 766 1767 ἐπί
793 1703 854 1766 τοῦ
883 1695 993 1787 φόβου
1017 1698 1152 1767 τιθέασι
1172 1697 1230 1768 τὸν
1251 1694 1348 1768 ὄκνον

174 1809 287 1891 (verba
298 1804 388 1887 τινὲς
403 1805 440 1874 δὲ
459 1847 501 1858 -
522 1807 581 1874 τὸν
603 1802 700 1878 άκνον
714 1810 942 1878 Friedlacndcr
963 1812 1004 1876 ob
1018 1810 1202 1877 Aristonico
1226 1809 1348 1876 abiudi-

174 1916 281 2000 cavit).
317 1921 349 1979 Z
366 1921 423 1986 131
439 1913 654 2004 σημειοῦνταί
672 1940 759 1997 τινες
773 1913 827 1986 ὅτι
841 1910 887 1995 (ῦς
907 1916 984 2003 περὶ
1005 1919 1089 1983 θεοῦ
1108 1919 1169 1985 τοῦ
1185 1911 1348 1983 Διονύσου

175 2016 375 2109 διαλέγεται.
412 2030 443 2087 Ζ
461 2032 524 2096 219
548 2020 664 2104 Οἰνεὺς
682 2022 763 2110 μένε
791 2024 1008 2114 σημειοῦνταί
1025 2046 1110 2103 τινες
1130 2021 1182 2091 ὅτι
1204 2022 1291 2108 πρὸς
1310 2022 1348 2091 τὸ

174 2134 304 2217 πριῦτον
326 2124 520 2221 ἀπήντηκεν.
563 2140 594 2198 Ζ
612 2142 674 2204 472
702 2128 772 2201 ἀπὸ
795 2132 916 2218 κρατὸς
937 2126 1058 2218 κόρυθ’
1083 2132 1205 2201 είλετοι
1234 2156 1346 2220 σημει-
1359 2127 1415 2198 (¹¹)

175 2235 287 2306 οῦνταί
298 2263 381 2318 τινες
396 2245 513 2309 τοῦτον
528 2240 585 2308 διὰ
604 2240 642 2310 τὸ
662 2240 720 2309 τὸν
740 2228 897 2327 τραγικὸν
914 2236 1164 2326 Ἀστυδάμαντα
1186 2236 1351 2327 παράγειν

174 2346 231 2413 τὸν
248 2344 391 2432 Ἕκτορα
418 2346 557 2435 λέγοντα
588 2349 709 2432 ,δέξαι
738 2345 852 2439 κοινήν
875 2374 937 2434 μοι
958 2349 1044 2435 πρὸς
1064 2345 1214 2435 πόλεμον
1235 2347 1273 2416 δὲ
1294 2347 1350 2417 καί

176 2459 317 2546 φοβηθῇ
337 2460 443 2535 παῖςίῑ
466 2460 519 2540 (an
533 2457 617 2527 forto
632 2455 726 2539 δέξαι
747 2460 848 2545 κυνῆν
868 2482 941 2542 μοι,
964 2457 1150 2544 πράσπολε·
1173 2451 1346 2548 πεφάβηθ’

176 2558 314 2643 ὃπαῖςθ
333 2565 456 2651 Bekk).
490 2569 527 2630 H
542 2573 602 2636 156
619 2559 832 2654 σημειοῦνταί
850 2590 937 2645 τινες
958 2565 1015 2634 διὰ
1036 2566 1076 2634 τὸ
1092 2562 1274 2658 παρήορος,
1297 2564 1350 2633 ὅτι

176 2670 426 2762 παρηρτημένος
445 2671 503 2740 καὶ
523 2671 705 2758 κεχυμένας.
742 2678 781 2739 Η
799 2680 859 2745 303
883 2673 970 2741 δῦνε
995 2669 1109 2765 ξίφοςι
1136 2671 1352 2762 σημειοῦνταί

176 2805 256 2861 τινες
276 2779 329 2850 ῦτι
354 2773 551 2871 ἀφώπλισεν
575 2777 692 2849 ἑαυτὸν
719 2781 798 2862 δυῦς
821 2780 861 2848 τὸ
888 2778 987 2872 ξίφος
1016 2778 1190 2868 ὁἝιιτωρ.
1234 2788 1272 2850 Η
1290 2790 1350 2852 465

176 2882 315 2957 δάσετοε
340 2886 551 2976 σημειοῦνταί
570 2913 656 2969 τινες
675 2886 753 2976 (ὅτι)
775 2884 848 2957 ἀντὶ
868 2894 926 2958 τοῦ
946 2886 1063 2959 ἐδύετο.
1105 2893 1135 2956 Θ
1156 2896 1216 2961 340
1237 2911 1350 2977 σημει·

176 2993 289 3065 οῦνταί
307 3019 394 3077 τινες
412 2994 466 3065 ὅτι
487 2993 589 3083 ῦγιῶς
610 2995 784 3064 διίσταλκε
807 3001 936 3086 (opinor
949 2997 1106 3085 γλουτούς
1126 3003 1160 3066 et
1180 2992 1287 3080 ἰσχία).
1321 3001 1351 3064 Θ

177 3113 234 3176 361
258 3102 418 3187 σχίτλιοςε
445 3100 657 3193 σημειοῦνταί
676 3128 762 3185 τινες
782 3102 836 3173 ὅτι
857 3101 931 3174 ἀντὶ
946 3111 1006 3179 τοῦ
1028 3101 1203 3192 ἀγνώμων·
1234 3100 1295 3173 οῦκ
1315 3103 1350 3173 ἐν

173 3218 221 3301 τῷ
235 3210 388 3281 καθόλου
402 3210 449 3293 δέ,
473 3207 545 3278 ἀλλ’
570 3208 617 3292 εἷς
637 3209 756 3301 ταύτην
775 3210 892 3303 μάνην.
920 3221 1017 3285 1242
1031 3209 1246 3302 σημειοῦνταί
1263 3237 1351 3293 τινες

175 3319 246 3408 (ὅτι
265 3323 326 3392 ins.
340 3322 449 3390 Lehrs.
472 3345 521 3408 op.
542 3322 777 3391 Fricdlacndor.
803 3325 947 3391 Ariston.
970 3348 1001 3410 p.
1019 3324 1093 3409 161>
1115 3316 1188 3389 ἀντὶ
1206 3326 1265 3389 τοῦ
1284 3347 1350 3407 μα-

177 3430 262 3517 λερῷ
290 3425 373 3514 πυρί
398 3434 454 3514 (sc
475 3424 657 3520 ἐμπρήσειν
677 3430 844 3517 μαλεροῦ).
884 3438 946 3502 246
964 3424 1104 3516 ’Ἀργεσς
1124 3425 1351 3516 ίπποβάτοισι

176 3532 386 3625 σημειοῦνταί
397 3560 481 3615 τινες
496 3533 545 3603 ὅτι
558 3535 617 3627 τὴν
638 3534 719 3625 ὅλην
732 3536 991 3625 Πελοπόννησον
1013 3532 1073 3607 οῦκ
1096 3529 1186 3606 ολδεν
1207 3533 1226 3607 ὁ
1249 3562 1350 3623 ποιη-

176 3642 242 3734 της,
259 3640 421 3723 Ἡσίοδος
437 3642 480 3713 δέ.
516 3649 537 3709 Ι
548 3651 610 3714 254
623 3643 836 3733 σημειοῦνταί
852 3670 940 3725 τινες
960 3643 1013 3712 ὅτι
1028 3649 1185 3731 παρεῖται
1198 3645 1236 3714 τὸ
1251 3640 1349 3731 »τάδε

179 3751 319 3839 λίγωυ“.
354 3758 394 3819 Λ
408 3760 448 3823 65
462 3756 546 3832 πῦςι
566 3750 778 3841 σημειοῦνταί
789 3778 877 3833 τινες
897 3751 951 3820 ὅτι
971 3757 1070 3821 τοῦτο
1093 3747 1165 3820 ἀντὶ
1184 3757 1243 3820 τοῦ
1263 3749 1350 3833 ὅλος.

179 3863 217 3928 ih.
231 3869 291 3933 201
307 3856 524 3949 σημειοῦνταί
535 3883 622 3939 τινες
635 3857 691 3929 άτι
705 3859 741 3928 δν
753 3856 817 3950 ίσφ
828 3866 876 3951 τῷ
889 3862 1112 3950 <sicLohrsius
1126 3884 1206 3930 corr.
1218 3884 1277 3948 pro
1287 3855 1351 3949 ἴσην

179 3972 251 4056 τοῦ)
272 3963 330 4037 σοί
350 3966 371 4057 ἡ
392 3965 461 4035 τείν
482 3962 672 4053 ἀντωνυμία
692 3967 827 4056 Δωρικὴ
849 3960 933 4037 αῦσα
954 3969 1039 4036 κατὰ
1060 3967 1274 4053 πλεονασμὸν
1293 3974 1352 4037 τοῦ

180 4100 196 4142 ε
215 4072 393 4166 ἐξηνέχθη·
416 4073 499 4144 ὅθεν
521 4072 726 4168 φυλάσσεται
749 4072 768 4143 ά
791 4071 892 4156 αῦτὸς
910 4072 1006 4156 τόνος
1027 4079 1140 4165 <verbs
1162 4069 1350 4161 ἀντωνυμία

179 4223 219 4236 -
238 4181 257 4253 ὁ
279 4178 381 4264 αὐτὸς
398 4180 495 4265 τόνος
508 4187 735 4254 Fricdlocndcr
756 4189 797 4254 cb
811 4187 1023 4259 Aristoniccis
1044 4185 1202 4272 seclusit).
1236 4188 1276 4251 A
1289 4191 1351 4255 314

178 4287 390 4379 σημειοῦνταί
415 4317 502 4373 τινες
528 4289 582 4361 ὅτι
610 4287 780 4381 ἀριστείαν
811 4291 961 4361 ἐνταῦθα
987 4287 1171 4372 Ὀδυσσέως
1195 4287 1352 4377 παράγει.

177 4410 236 4474 604
268 4404 374 4471 κακοῦ
400 4394 432 4465 δ’
461 4395 526 4486 ἀρα
558 4396 589 4468 οἳ
617 4398 720 4469 πέλεν
747 4395 847 4490 ἀρχήν
880 4397 1093 4488 σημειοῦνταί
1116 4423 1203 4479 τινες
1231 4396 1283 4467 ὅτι
1311 4392 1350 4465 οῦ
