3425 4934
347 355 404 417 136
434 350 467 403 Π.
485 349 527 406 De
544 348 722 405 Aristarchea
737 349 937 406 vocabulorum
954 348 1164 406 Homericomm
1185 348 1425 420 interpretatione.

344 510 477 598 δι’δμωες
499 510 530 580 δ’
550 511 708 599 ὁρόωντες
728 511 792 582 έσω
815 513 948 583 κοίλοιο
976 519 1095 600 μυχοῖο
1116 510 1321 604 ἄγρομένους
1341 521 1428 584 recte
1450 519 1517 584 dic·

345 630 423 691 tum.
466 625 587 693 Contra
608 626 758 712 Apellen.
787 620 835 692 IV
857 620 963 712 712ἡ
994 620 1026 690 d'
1051 618 1129 690 ε’ίσω
1155 618 1323 702 πελάνους
1342 619 1517 709 μείλικτρά

280 752 328 803 117
345 755 380 797 τε
406 727 605 822 νηφαλίῃσιν
630 734 722 797 καῖεν
752 726 804 799 ἐπ’
836 725 999 822 εὐχωλῇσι
1025 728 1213 816 παρέστιος.
1261 733 1370 812 Quint.
1396 737 1436 797 A
1456 741 1517 802 440

344 834 389 917 ὡς
411 833 444 905 δ’
469 834 515 906 ὅτ’
539 835 603 907 έσω
626 835 787 925 σίμβλοιο
806 834 879 925 μέγ’
902 835 1019 921 ίίίζωσι
1037 837 1206 923 μέλισσαι.
1241 839 1350 910 Noun.
1365 840 1442 907 XIV
1456 847 1516 912 247

343 941 417 1013 ἀλλ’
440 944 496 1014 ὅτε
517 947 557 1035 δὴ
580 942 744 1026 Διόνυσος
765 943 829 1014 έσω
852 944 1101 1033 Κορυβαντίδος
1125 944 1205 1035 ὕλης
1223 946 1357 1032 χρύσεον
1379 941 1517 1034 εὐποίη-

342 1079 401 1122 τον
423 1049 563 1122 έδίσατο
590 1051 717 1137 κόσμον
739 1048 872 1135 Ἐνυοῦς
890 1094 941 1120 -.
965 1057 1074 1135 Quint.
1097 1051 1125 1137 ς’
1151 1064 1209 1126 199
1231 1049 1303 1122 ἔνθ’
1328 1051 1384 1140 ὅγε
1410 1048 1514 1136 regar

344 1157 418 1228 ἰών
439 1161 493 1230 τοί
515 1158 547 1227 δ’
571 1154 695 1230 ἷίλλοσε
716 1166 829 1230 κοῖτον
850 1160 974 1233 έλοντο.

407 1272 558 1339 Ceterum
584 1272 622 1339 de
650 1274 890 1339 constructione
912 1272 1084 1340 Homerica
1110 1274 1197 1339 vocis
1225 1264 1303 1338 είσω
1330 1295 1402 1339 cum
1424 1295 1518 1339 aecu-

263 1389 335 1459 (141)
347 1380 449 1446 satiro
475 1380 554 1446 item
575 1381 781 1446 observatum
802 1380 997 1447 Aristarcho.
1041 1380 1073 1444 Ω
1098 1387 1156 1448 145
1169 1373 1274 1445 Ἴλιον
1294 1372 1389 1445 ε’ίσωε
1411 1374 1442 1465 (ἡ
1467 1378 1516 1444 δι-

344 1486 429 1573 πλῆ)
457 1482 508 1554 ὅτι
537 1489 686 1564 τοπικῶς
712 1479 785 1552 ἀντὶ
808 1488 870 1573 τῆς
893 1483 1105 1572 προθέσεως·
1134 1482 1231 1553 θέλει
1253 1485 1316 1571 γὰρ
1343 1480 1450 1552 εἰπεῖν
1471 1479 1518 1563 εἰς

336 1587 449 1662 Ἴλιον.
495 1595 542 1661 uf.
569 1595 610 1660 ad
634 1601 701 1664 184.
726 1601 792 1663 199.
817 1598 856 1660 Α
878 1603 925 1664 71.
970 1595 1050 1661 Cum
1072 1596 1215 1681 genitivo
1238 1598 1445 1663 coniunctum
1467 1595 1517 1660 bis

345 1704 430 1789 apud
451 1703 630 1769 Homerum
654 1702 823 1781 habemus,
847 1706 876 1766 θ
896 1708 957 1772 2911
984 1704 1029 1785 (in
1052 1703 1189 1769 Veneris
1211 1707 1244 1769 et
1265 1703 1378 1770 Martis
1399 1703 1517 1769 amori·

344 1811 416 1895 bus)
452 1802 472 1876 ὁ
506 1803 538 1875 d’
568 1803 648 1876 e’r'uw
684 1801 838 1892 δώματος
869 1803 938 1899 ᾔει,
976 1814 1009 1877 et
1043 1834 1063 1897 η
1100 1816 1158 1879 135
1188 1806 1407 1895 καρπαλίμως
1433 1804 1517 1895 ὑπὲρ

345 1910 446 1983 οὐδὸν
467 1911 612 2004 ἐβήσατο
635 1912 790 1999 δώματος
809 1909 899 1982 ε’ίσω.
916 1959 955 1968 -
974 1918 1220 1984 Recentioribus
1243 1920 1342 2005 epicis
1364 1922 1518 1986 consueta

342 2028 423 2093 haec
445 2027 653 2092 constructio.
690 2027 838 2111 Apellen.
860 2025 876 2092 I
898 2031 968 2094 357.
991 2031 1059 2093 372.
1082 2031 1151 2095 390.
1174 2025 1206 2092 II
1227 2031 1276 2093 73.
1297 2034 1346 2095 95.
1372 2033 1430 2096 136
1452 2023 1518 2109 (κέ-

344 2132 472 2198 δασθεν
487 2126 565 2199 etta
575 2127 766 2220 Βεβρυκίης,
778 2127 926 2217 Ἀμύκου
940 2126 1046 2219 μόρον
1057 2123 1288 2218 ἀγγελέοντες).
1311 2142 1381 2204 577.
1395 2134 1519 2203 Π1311.

345 2242 426 2327 Opp.
448 2238 521 2307 Hal.
546 2245 575 2303 Γ
593 2246 663 2310 389.
700 2248 733 2307 Δ
754 2251 822 2311 111.
844 2248 915 2311 399.
953 2244 1066 2310 Ε539
1094 2244 1456 2323 (c.ecc.A169.389.
1495 2244 1521 2305 Ε

347 2353 425 2433 164).
450 2348 557 2427 Quint
580 2350 613 2411 A
635 2355 703 2417 177.
725 2349 833 2416 Noun.
854 2350 886 2417 V
908 2357 979 2419 244.
1001 2355 1070 2418 314.
1104 2348 1168 2416 Sed
1190 2391 1229 2400 -
1251 2372 1324 2415 cum
1346 2350 1454 2416 dativo
1470 2354 1519 2416 est

345 2457 482 2543 Oppian.
511 2456 583 2524 Hal.
605 2456 702 2525 1737
724 2450 789 2521 έσω
811 2451 1005 2542 λαγόνεσσιν
1024 2450 1145 2522 ἔδεκτο.
1174 2456 1228 2525 Sic
1243 2459 1329 2524 enim
1343 2456 1518 2525 Schneide-

344 2714 421 2771 tione
440 2714 610 2785 dignissima,
627 2714 658 2770 in
676 2714 719 2771 his
731 2714 871 2771 adverbiis
881 2714 912 2771 in
924 2718 980 2772 θεν
991 2716 1156 2773 exeuntibus
1168 2734 1313 2787 quousque
1324 2716 1381 2771 iam
1392 2715 1517 2772 Homeri·

345 2800 384 2856 cis
411 2799 584 2871 temporibus
609 2800 829 2870 unumquodque
856 2818 874 2855 a
900 2801 1016 2872 propria
1041 2800 1244 2872 significatione
1266 2800 1432 2866 discusserit,
1461 2817 1517 2870 quo

345 2885 447 2942 deinde
465 2886 534 2940 haec
551 2884 665 2940 libertas
676 2902 822 2956 progressu
839 2885 883 2941 sit.
900 2884 931 2941 u.
949 2903 975 2956 g.
994 2888 1023 2940 N
1037 2891 1084 2941 107
1102 2891 1154 2941 νῦν
1171 2887 1195 2942 δ’
1210 2879 1320 2941 ἕκαθεν
1336 2874 1439 2949 πόλιος
1456 2881 1518 2941 κοί-

343 2973 395 3040 λης
411 2966 462 3026 dai
479 2971 562 3040 νηυσί
577 2968 731 3039 μάχονται.
768 2969 813 3025 Sic
831 2969 1008 3026 Aristarchus
1032 2971 1108 3027 buna
1129 2970 1205 3025 haud
1228 2969 1313 3026 dubie
1335 2973 1518 3027 monumenta

344 3058 466 3119 secutum
483 3054 641 3110 Zenodetus
658 3057 687 3109 et
702 3053 902 3125 Aristophanes
919 3052 952 3110 δὲ
970 3052 1049 3120 ἑκάς.
1079 3056 1111 3110 In
1123 3055 1221 3111 eudem
1232 3071 1313 3110 versu
1324 3057 1350 3111 E
1361 3060 1408 3111 791
1423 3058 1517 3111 utrum

344 3137 520 3193 Aristarchus
532 3137 642 3193 dederit
658 3155 716 3193 uon
733 3138 878 3194 traditum.
905 3139 966 3194 Ηοο
983 3139 1173 3210 unusquisque
1190 3139 1276 3196 sentit
1291 3139 1435 3210 μάχονται
1453 3133 1517 3196 ἕνα·

344 3228 400 3280 θεν
416 3216 520 3287 πόλιος
540 3222 586 3277 vix
608 3222 728 3294 primam
752 3222 888 3292 originem
905 3223 1052 3294 migrasse,
1074 3224 1151 3295 quud
1167 3223 1206 3279 sic
1224 3223 1330 3279 dictum
1348 3226 1440 3279 estut
1459 3218 1518 3278 ἀπὸ

346 3311 436 3379 τριῶν
452 3307 581 3362 σταδίοιν
591 3318 642 3378 της
659 3300 773 3371 πόλεως
784 3306 937 3377 μάχονται.
965 3308 1026 3363 Iam
1037 3309 1091 3364 huc
1102 3307 1295 3364 Aristarchum
1305 3308 1365 3364 iure
1378 3308 1517 3371 movebat,

345 3391 454 3449 etiamsi
476 3408 533 3447 non
557 3391 709 3448 invenisset
731 3390 761 3446 in
779 3391 902 3461 Odyssea
924 3393 953 3463 (ρ
972 3396 1015 3461 25)
1034 3386 1143 3448 ἕκαθεν
1164 3392 1197 3450 δέ
1214 3411 1248 3449 τε
1264 3390 1338 3448 ἄστυ
1355 3386 1423 3463 φάτ’
1444 3385 1519 3448 εἶναι

344 3477 387 3532 illi
403 3476 582 3532 simillimum.
619 3476 674 3532 Sed
693 3476 769 3545 quod
786 3475 951 3547 Apollonius
974 3475 1085 3548 scripsit
1100 3477 1115 3531 Ι
1133 3480 1183 3533 216
1201 3477 1236 3533 de
1254 3477 1344 3534 Borea
1361 3476 1519 3534 Orithuiurn

345 3564 490 3618 auferente
509 3579 542 3617 ex
559 3562 655 3617 Attica
672 3560 702 3616 in
719 3560 869 3617 Threciam

479 3650 530 3702 καί
544 3666 595 3715 μιν
612 3643 693 3717 ἄγων
712 3640 822 3703 ἕκαθεν
838 3645 970 3716 (fernhin)
989 3647 1195 3717 Σαρπηδονίην
1213 3640 1264 3703 ὅθι
1283 3646 1394 3718 πέτρην

480 3729 681 3787 κλείουσιν-

345 3817 408 3886 hoc,
427 3819 565 3887 quantum
582 3815 740 3887 intelligere
757 3816 834 3882 lieet,
857 3815 993 3872 Humerus
1017 3832 1073 3872 non
1091 3814 1216 3879 dixisset,
1242 3815 1290 3871 sed
1313 3809 1389 3880 ἑκάς.
1425 3818 1455 3872 Ν
1471 3822 1519 3872 592

346 3892 387 3966 dic
398 3894 458 3957 ἀπὸ
470 3890 609 3972 θοίρηκος
619 3892 774 3956 Μενελάου
786 3901 959 3967 κυδαλίμοιο
972 3899 1083 3955 πολλὸν
1094 3897 1316 3970 ἀποπλαγχθεὶς
1326 3894 1398 3965 ἑκὰς
1410 3893 1519 3958 ἔπτατο

345 3984 451 4056 πικρὸς
471 3979 579 4049 ὀϊστός.
613 3984 653 4039 cf.
672 3989 751 4051 ξ496
770 3985 834 4055 λίην
855 3982 912 4055 γὰρ
937 3988 1013 4055 νηῶν
1030 3979 1100 4045 ἑκὰς
1116 3975 1245 4051 ἤλθομεν
1264 3986 1294 4039 et
1311 4003 1328 4054 ρ
1345 3991 1377 4040 79
1396 3980 1457 4041 οὐδ’
1475 3978 1522 4057 ἄρ’

347 4064 391 4126 ἔτι
416 4063 468 4140 δὴν
493 4069 659 4139 Τηλέμαχος
680 4070 791 4134 ξείνοιο
814 4063 883 4132 ἑκὰς
904 4062 1031 4138 τράπετ’.
1076 4069 1135 4123 Ηοο
1157 4066 1321 4123 adverbium
1344 4088 1402 4127 non
1424 4070 1520 4141 tetigit

284 4165 330 4216 137
348 4152 428 4209 Tafel
444 4154 481 4208 ed
500 4152 579 4209 Pind.
598 4153 638 4208 Ol.
657 4153 696 4206 ΙΙΙ
712 4153 765 4207 vol.
783 4155 797 4207 I
814 4170 841 4223 p.
857 4158 913 4208 140.
943 4152 1058 4208 Utinam
1075 4152 1226 4223 placuisset
1242 4152 1302 4209 viro
1320 4154 1403 4210 docto
1422 4157 1450 4210 et
1467 4156 1519 4210 hue

346 4239 408 4293 luco
420 4240 450 4292 et
461 4237 522 4292 uiiis
534 4236 636 4308 copias,
654 4238 795 4307 quaesere
812 4238 890 4293 haud
907 4238 1125 4293 contemnendas
1141 4237 1236 4302 habet,
1255 4254 1311 4293 non
1328 4256 1379 4309 per
1396 4243 1519 4295 saturam

348 4322 499 4387 effundere,
517 4323 566 4377 sed
583 4322 680 4378 ordine
692 4321 881 4394 spectantium
899 4322 986 4378 oeulis
1003 4339 1149 4393 exponere.
1177 4322 1316 4378 Vocabuli
1334 4315 1451 4394 ὑψόθεν
1465 4341 1517 4395 pre

346 4402 426 4478 ὑψοῦ
442 4406 528 4478 positi
545 4406 688 4478 complura
705 4406 947 4478 habet‘exempla:
966 4407 1102 4464 Homerus
1118 4426 1263 4480 nunquam
1280 4407 1320 4465 sic
1337 4408 1437 4479 posuit.
