3425 4934
338 300 357 360 4
616 294 638 350 L
666 293 708 349 De
724 293 849 350 fontibus
867 293 1012 391 doctrinae
1030 294 1230 350 Aristarcbeae.

338 458 402 524 Adi
422 458 655 527 Ruhnkenium
680 464 779 547 praef.
807 464 848 528 ad
869 462 1009 549 Hesych.
1036 487 1068 550 p.
1091 462 1166 541 VH,
1191 484 1256 548 quo
1282 461 1356 528 loco
1378 462 1418 527 de
1439 483 1511 527 cor·

338 567 553 651 ruptionibus,
575 593 655 655 quas
678 570 856 638 Aristarchi
878 593 996 638 nomen
1017 571 1127 648 subiit,
1150 571 1290 657 exponit.

419 784 488 868 33.
530 783 619 850 Haec
641 785 697 870 qui
722 786 919 866 lustraverit,
945 788 1120 854 verendum
1147 792 1263 854 estne
1289 786 1510 852 Aristonicum

335 890 439 976 fingat
464 891 527 957 sibi
555 891 695 978 aliquem
716 893 884 959 veriverbii
910 916 1066 980 aucupem
1091 898 1236 980 istosque
1258 917 1340 979 quos
1362 895 1401 960 de
1422 893 1510 959 notis

336 997 517 1065 Homericis
532 999 766 1085 Hesiodeisque
781 1002 973 1086 conscripsit
994 1004 1241 1069 commentarios
1262 1003 1345 1069 nihil
1366 1001 1428 1068 nisi
1448 1024 1510 1067 uu·

337 1127 395 1193 gas
417 1107 648 1194 etymologicus
670 1113 825 1192 captasse.
862 1110 908 1176 At
929 1109 1052 1176 scholia
1070 1111 1197 1177 Veneta
1217 1111 1424 1196 inspicientes
1446 1108 1511 1175 alia

337 1215 446 1280 omnia
466 1215 657 1299 invenimus,
678 1216 880 1283 doctissimas
904 1218 943 1283 de
965 1217 1159 1302 antiquitate
1174 1218 1356 1299 Homerica,
1378 1218 1417 1284 de
1438 1238 1510 1282 ver-

336 1324 453 1389 borum
473 1323 779 1409 significationibus,
810 1324 849 1390 de
872 1326 1016 1391 versibus
1039 1326 1156 1410 spuriis
1178 1326 1431 1402 observationem
1457 1325 1509 1389 his

336 1433 425 1497 totus
446 1430 529 1496 liber
550 1431 687 1497 refertus
705 1432 881 1517 reperitur,
903 1432 953 1498 his
975 1432 1191 1520 etymologiae
1213 1456 1296 1519 quae
1316 1433 1428 1499 insunt
1450 1433 1509 1515 (in-

337 1542 414 1603 sunt
427 1542 536 1605 autem
552 1539 624 1619 illis,
647 1562 726 1625 quas
741 1562 780 1606 ex
800 1539 921 1606 Orione
936 1541 1156 1627 cognovimus,
1177 1541 1372 1625 simillimae)
1394 1540 1510 1606 sedita

336 1646 612 1714 excellentissimis
634 1647 916 1714 observationibus
938 1648 1164 1728 obscurantur,
1195 1649 1248 1713 vix
1268 1653 1306 1714 ut
1326 1649 1510 1734 appareant

336 1753 401 1821 Res
423 1754 573 1840 expeditu
594 1754 705 1820 facilis.
748 1754 848 1821 Orion
878 1778 951 1821 cum
977 1756 1217 1842 etymologicon
1246 1757 1400 1821 scriberet
1421 1776 1509 1821 com·

336 1862 444 1947 plures
470 1862 666 1948 perreptavit
685 1861 785 1928 libros
812 1864 1054 1949 grammaticos,
1083 1863 1140 1929 sed
1166 1862 1236 1929 sola
1262 1885 1345 1948 qnae
1373 1862 1510 1928 inveniri

336 1974 470 2054 possent
497 1970 712 2056 etymologica
737 1991 919 2053 aucupans,
947 1970 1146 2056 reliquorum
1167 1993 1306 2037 securus.
1353 1970 1406 2037 Sic
1431 1993 1509 2035 usus

337 2082 387 2144 est
406 2078 458 2143 ille
480 2078 593 2144 eodem
615 2077 750 2143 consilio
772 2077 900 2162 scriptis
919 2078 1088 2163 Apollonii
1102 2078 1251 2164 Dyscoli:
1273 2079 1328 2164 qui
1350 2079 1378 2144 si
1399 2100 1438 2144 en
1459 2078 1510 2142 bis

288 2185 482 2270 (⁶)reliquiis
503 2186 598 2251 nobis
620 2185 842 2251 diiudicandus
865 2190 958 2264 esset,
980 2208 1060 2270 quas
1082 2185 1183 2252 Orion
1205 2186 1342 2251 servavit
1364 2190 1403 2267 (τ.
1424 2184 1509 2250 indi·

337 2300 432 2373 cem),
460 2314 499 2357 ex
520 2293 633 2359 eodem
655 2314 780 2375 omnes,
810 2293 898 2377 quod
922 2294 1084 2358 veteribus
1111 2293 1195 2359 male
1223 2296 1356 2360 cessisse
1384 2293 1511 2372 scimus,

338 2400 554 2486 etymologica
574 2421 702 2485 genere,
722 2422 782 2486 pro
799 2399 984 2466 doctissimo
1006 2401 1278 2486 argutissimoque
1300 2402 1511 2487 grammatico

336 2508 462 2574 futilem
484 2511 517 2573 et
537 2530 639 2593 paene
659 2508 830 2573 ridiculum
852 2507 1052 2574 haberemus.

419 2726 438 2810 3
460 2733 489 2792 4.
532 2723 743 2803 Aristonicus,
770 2721 923 2790 Straboni
945 2747 1077 2809 suppar,
1105 2725 1191 2789 inter
1217 2725 1420 2790 doctissimos
1448 2726 1512 2790 fuit

337 2832 563 2917 grammaticos
578 2832 760 2917 scriptaque
779 2832 848 2896 eius
868 2835 901 2897 et
920 2832 1089 2916 opiniones
1111 2833 1416 2899 commemoratione
1438 2833 1511 2919 dig-

337 2962 398 3005 nae
411 2939 541 3005 habitae
558 2938 886 3024 apraestantioribus.
909 2938 1026 3006 Strabo
1048 2938 1063 3006 I
1083 2963 1115 3025 p.
1135 2942 1191 3026 <38
1206 2941 1357 3026 Casaub.>
1383 2949 1438 3009 101
1455 2939 1509 3007 Tz.

334 3039 560 3129 Ἀριστόνικος
588 3043 649 3128 μὲν
674 3036 733 3114 οὖν
760 3045 779 3113 ὁ
807 3039 888 3111 καθ’
911 3041 1000 3132 ἡμᾶς
1025 3036 1250 3131 γραμματικὸς
1277 3043 1312 3113 ἐν
1337 3050 1408 3125 τοῖς
1434 3046 1513 3132 περὶ

336 3158 394 3244 τῇς
408 3147 588 3220 Μενελάου
602 3152 730 3241 πλάνης
743 3152 778 3237 (ά
792 3158 844 3239 84)
859 3152 998 3219 πολλῶν
1019 3146 1251 3241 ἀναγέγραφεν
1271 3147 1402 3240 ἀνδρῶν
1422 3145 1512 3219 άπα-

338 3254 459 3350 φάσσις
473 3259 547 3348 περὶ
560 3254 700 3328 ἑκάστου
714 3265 780 3327 τῶν
794 3257 992 3344 ἐκκειμένων
1006 3256 1212 3348 κεφαλαίων·
1232 3253 1310 3349 ἡμῖν
1325 3261 1354 3327 δ’
1378 3257 1513 3346 ἀρκέσει

337 3362 401 3436 κάν
423 3365 653 3452 ἐπιτέμνοντες
673 3365 827 3454 λέγωμεν.
850 3408 889 3419 -
912 3370 1000 3437 Serv.
1015 3369 1097 3438 Aen.
1114 3369 1162 3435 III
1177 3376 1236 3439 334
1252 3370 1414 3438 Chaonios
1436 3392 1513 3457 cog·

294 3493 298 3500 '
337 3479 468 3545 nomine
493 3500 637 3564 campos:
667 3476 802 3562 Epirum
829 3500 959 3563 campos
986 3501 1052 3544 non
1079 3478 1198 3544 habere
1225 3479 1375 3544 omnibus
1397 3483 1512 3543 notum

338 3592 400 3664 est3
422 3587 478 3652 sed
493 3590 622 3652 constat
634 3585 681 3652 ibi
703 3585 781 3652 olim
802 3607 913 3672 regem
934 3586 1065 3652 nomine
1080 3586 1236 3671 Campum
1257 3585 1356 3650 fuisse
1378 3585 1512 3669 eiusque

338 3698 485 3778 posteros
500 3694 702 3779 Campylidas
725 3694 828 3759 dictos
850 3698 885 3759 et
904 3692 1040 3779 Epirum
1060 3692 1333 3778 Campaniamque
1354 3696 1511 3769 vocatam,

339 3802 422 3868 sicut
436 3800 642 3880 Alexarchus,
662 3801 836 3866 historicus
859 3801 1007 3879 Graecus,
1024 3805 1061 3866 et
1076 3799 1277 3866 Aristonicus
1298 3799 1449 3863 referunt.
1470 3836 1512 3846 -

338 3908 376 3973 In
404 3909 500 3975 rebus
529 3910 748 3996 grammaticis
769 3909 810 3974 ad
830 3914 939 3994 partes
961 3913 1093 3975 vocatus
1115 3910 1155 3973 ab
1177 3906 1372 3973 Herodiano.
1403 3908 1433 3968 Γ
1454 3912 1513 3974 198

335 4009 548 4103 Ἀρίσταρχος
580 4011 788 4101 δισυλλάβως
814 4008 921 4101 (οἰῶν)
953 4008 999 4094 ὥς
1030 4008 1136 4101 αίγσλυ
1168 4011 1226 4079 καί
1251 4011 1465 4095 Πτολεμαῖος
1494 4011 1514 4078 ὁ

336 4117 592 4211 Ἀσκαλωνίτης·
616 4117 843 4207 Ἀριστόνικος
869 4119 905 4188 δὲ
930 4118 1162 4208 τρισυλλάβως,
1187 4118 1244 4204 ,,δ’ς
1271 4114 1297 4185 τ’
1322 4116 1401 4187 ὀΐων
1426 4117 1512 4204 μέγα

308 4233 444 4302 enuit?
479 4234 523 4299 Et
548 4233 625 4299 licet
653 4254 778 4300 sumere
805 4232 920 4297 iisdem
941 4231 1007 4297 fere
1029 4232 1242 4316 argumentis,
1270 4230 1388 4315 quibus
1409 4228 1512 4294 Hero·

341 4341 455 4406 dianus
485 4341 683 4424 trisyllabam
709 4340 844 4406 formam
872 4339 903 4405 h.
931 4338 954 4405 l.
979 4339 1134 4417 defendit,
1160 4338 1266 4423 ipsum
1294 4338 1512 4403 Aristonicum
