3425 4934
381 321 442 383 352
679 315 712 372 V.
736 315 779 371 De
796 313 899 372 criticis
916 316 1069 373 An‘smrchi
1086 316 1249 375 rationibus.

380 503 477 565 quam
498 503 564 546 non
586 485 702 562 omnia,
723 485 756 550 in
779 485 897 570 quibus
920 485 1122 552 Aristonicus
1143 487 1245 551 utitur
1265 483 1420 550 vocabulo
1442 476 1551 569 Ζηνό·

380 586 477 665 δοτος
503 583 641 677 ἐποίησε
665 592 717 658 vel
737 588 941 682 μετέγραφε,
973 594 1165 660 coniecturis
1186 592 1304 659 similia
1325 595 1415 671 sunt,
1440 595 1551 656 tamen

378 699 412 761 et
440 701 592 764 constans
616 702 762 766 veterum
785 701 1066 785 grammaticorum
1096 701 1219 786 opinio,
1245 722 1310 785 qua
1337 700 1408 784 ipsa
1434 699 1550 764 ductus

378 804 580 871 Aristonicus
604 807 761 875 nonnulla
789 809 857 875 eius
885 811 1088 875 coniecturae
1113 809 1228 874 tribuit
1253 829 1336 892 quae
1362 806 1549 872 Zenodoteo

378 914 523 997 tempore
543 914 579 978 in
605 913 697 980 libris
721 914 920 999 ferebantur,
953 919 986 982 et
1011 915 1177 1002 complura
1203 915 1382 981 certissima
1404 911 1552 998 exempla

379 1040 446 1084 non
471 1021 582 1086 sinunt
602 1044 663 1088 nos
686 1023 832 1089 dubitare
854 1025 933 1109 quin
954 1024 1033 1089 satis
1058 1022 1159 1089 libere
1180 1023 1215 1088 in
1237 1022 1445 1108 scriptoribus
1463 1026 1551 1087 trac·

379 1126 485 1193 tandis
511 1134 656 1196 versatus
681 1131 725 1197 sit
750 1131 1007 1216 conicetur-isque
1033 1131 1210 1198 indulserit
1256 1129 1322 1197 Sed
1347 1129 1487 1215 primum
1510 1150 1550 1193 ex

380 1256 445 1300 uno
461 1235 601 1303 alterove
616 1237 766 1305 calidiore
789 1239 900 1305 critico
921 1260 986 1305 non
1008 1239 1085 1305 licet
1105 1239 1144 1305 de
1166 1237 1270 1304 solitis
1291 1237 1427 1302 istorum
1447 1237 1552 1302 ratio·

235 1370 239 1379 ¹
314 1354 363 1406 35⁸
381 1343 477 1408 nibus
492 1345 709 1411 coniecturam
721 1346 894 1414 fucere²⁶²z
915 1346 1030 1412 deinde
1044 1387 1084 1397 —
1100 1346 1187 1431 quod
1207 1344 1261 1410 hic
1282 1344 1386 1430 magis
1401 1348 1553 1429 spectan-

381 1450 456 1515 dum
481 1488 523 1500 -
549 1452 637 1537 quod
657 1454 692 1518 in
714 1452 881 1521 Zenodoto
906 1453 1028 1519 factum
1047 1454 1193 1520 ridemus
1214 1453 1276 1518 hoc
1297 1456 1552 1517 consentaneum

380 1561 430 1623 eet
450 1558 521 1623 fieri
541 1560 598 1625 ubi
624 1562 766 1647 primum
792 1585 844 1628 ars
869 1563 980 1628 critica
1000 1562 1143 1627 nascitur
1167 1565 1205 1626 ut
1230 1560 1396 1645 aliquanto
1418 1558 1553 1624 liberior

380 1668 435 1732 sit:
456 1668 544 1751 quod
560 1669 639 1733 item
659 1669 771 1754 primis
791 1674 868 1756 post
887 1674 1015 1735 renatas
1036 1670 1071 1734 in
1091 1668 1184 1734 Italia
1204 1669 1329 1735 litteras
1350 1667 1551 1752 temporibus

380 1776 495 1841 evenit.
532 1774 662 1842 Scilicet
675 1777 815 1862 primum
834 1781 906 1844 tum
928 1777 1073 1843 elaborat
1096 1780 1133 1842 ut
1154 1776 1335 1861 scriptores,
1356 1798 1438 1860 quos
1455 1774 1551 1860 pauci

379 1903 453 1948 mss.
481 1887 650 1969 corruptos
677 1884 841 1967 exhibent,
869 1886 938 1951 sine
964 1907 1088 1951 summa
1114 1883 1291 1950 offensione
1315 1883 1382 1970 legi
1410 1883 1550 1968 possint3

378 1989 497 2073 partim
509 1990 697 2075 imperfecta
715 2014 766 2058 ars
787 1991 890 2059 multa
911 2014 977 2058 non
997 1990 1152 2079 intelligit
1165 1991 1344 2070 inscientia,
1366 2012 1448 2074 quae
1463 1989 1552 2054 tollit

378 2098 519 2181 nequid
544 2098 746 2184 relinquatur
772 2100 861 2186 quod
887 2100 1062 2165 absurdum
1084 2122 1154 2165 esse
1174 2102 1278 2185 putat.
1320 2096 1384 2164 Sed
1411 2098 1551 2183 gliscen-

355 2205 465 2270 -tibus
492 2207 618 2288 studiis,
648 2208 813 2274 codicibus
845 2207 994 2294 pluribus
1024 2208 1160 2293 paratis,
1197 2228 1304 2272 rerum
1329 2206 1551 2289 sermonisque

378 2313 512 2378 scientia
531 2314 671 2399 vulgata,
694 2319 762 2382 arte
775 2315 1009 2400 interpretandi
1029 2314 1163 2396 exculta,
1184 2315 1296 2381 multis
1311 2313 1551 2380 obscurioribus

378 2419 458 2486 locis
479 2442 537 2505 per
560 2421 721 2488 variorum
749 2424 926 2489 tentamina
954 2420 1086 2489 tandem
1108 2420 1256 2500 reclusis,
1278 2422 1313 2487 in
1340 2421 1492 2487 arctiores
1515 2442 1550 2485 se

378 2528 458 2593 fines
485 2528 660 2611 contrahit,
687 2535 721 2596 et
746 2552 810 2616 quo
837 2532 941 2618 magis
967 2530 1063 2615 primi
1088 2531 1235 2617 magistri
1260 2531 1484 2616 peccaverunt,
1510 2550 1550 2592 eo

378 2636 482 2723 magis
503 2637 568 2701 iam
596 2637 668 2721 ipso
689 2638 930 2703 contradicendi
952 2639 1059 2704 studio
1081 2638 1122 2704 ad
1142 2639 1250 2705 fontes
1271 2660 1348 2704 suos
1370 2637 1551 2703 revertitur.

377 2743 454 2815 Fuit
466 2744 679 2810 Anacreontis
698 2744 789 2810 locus
808 2746 964 2811 eiusmodi
986 2738 1117 2830 ἀγανῶς
1131 2734 1188 2811 οἶά
1201 2768 1238 2809 τε
1252 2742 1368 2830 νεβρὸν
1382 2739 1551 2829 νεοθηλέα

378 2849 572 2939 γαλαθηνὸν
606 2843 644 2929 ὃς
679 2848 714 2918 ἐν
747 2849 827 2940 ὕλης
859 2848 1036 2941 κεροέσσης
1067 2845 1296 2942 ἀπολειφθεὶς
1325 2847 1393 2920 ὑπὸ
1425 2849 1552 2936 ματρὸς

378 2953 545 3048 ἐπτοήθη.
583 2961 633 3027 De
653 2960 716 3028 hoc
736 2960 890 3028 halitum
911 2985 931 3028 a
951 2960 1052 3029 schol.
1072 2962 1166 3030 Pind.
1189 2961 1238 3028 01.
1252 2960 1300 3027 III
1322 2969 1362 3031 52
1384 2961 1549 3046 (Didymo)

295 3072 366 3143 (³75)
379 3061 569 3155 Ζηνόδοτος
593 3064 812 3156 μετεποίησεν
837 3065 1009 3156 ἑροέσσης,
1033 3067 1091 3135 διὰ
1112 3068 1152 3136 τὸ
1172 3064 1383 3156 ἱστορεῖσθαι
1402 3066 1463 3145 τὰς
1483 3071 1550 3153 θη-

378 3171 471 3254 λείας
490 3174 613 3264 κέρατα
632 3175 680 3265 μὴ
703 3171 788 3257 ἔχειν
809 3169 897 3243 ἀλλὰ
922 3175 1000 3255 τοὺς
1025 3170 1171 3263 diodone.
1210 3179 1327 3244 Pulcra
1353 3178 1550 3253 coniectura3

378 3285 430 3349 cui
444 3285 471 3350 si
486 3286 558 3370 quis
579 3286 662 3352 nihil
677 3290 855 3373 opponeret
875 3309 973 3371 quam
993 3287 1080 3373 quod
1097 3286 1195 3353 hodie
1215 3286 1364 3353 Bentleio
1387 3306 1549 3371 opponere

378 3392 485 3458 solent
506 3384 555 3472 „ii
569 3389 753 3479 γέγραπται
768 3390 976 3479 γέγραπταια
995 3417 1056 3462 nae
1069 3397 1169 3461 istum
1184 3395 1273 3479 quod
1289 3396 1367 3460 item
1382 3394 1422 3459 de
1436 3392 1550 3479 pleris-

378 3523 540 3586 quocum
569 3501 717 3569 Bentleio
750 3502 989 3589 disputantibus
1013 3504 1117 3570 adhuc
1146 3502 1275 3586 quidem
1304 3502 1473 3568 dicendum
1500 3505 1551 3565 est

378 3630 444 3675 non
471 3610 605 3697 dignum
630 3611 772 3676 dicemus
798 3613 831 3676 in
859 3616 927 3678 arte
961 3611 1071 3677 critica
1102 3611 1158 3696 qui
1186 3611 1344 3678 Zenodoti
1378 3610 1549 3695 corrigiam
1588 3656 1598 3687 ,

378 3714 490 3783 solvat.
543 3716 607 3784 Sed
635 3717 763 3784 fortiter
789 3720 917 3785 obstitit
943 3720 973 3785 ei
998 3719 1231 3805 Aristophanes
1260 3718 1414 3805 exemplis
1444 3715 1550 3781 allatis

377 3828 547 3908 poetarum
574 3826 787 3911 complurium
811 3849 922 3893 cervae
951 3849 1072 3893 cornua
1097 3826 1322 3906 tribuentium,
1351 3825 1421 3892 Ael.
1444 3825 1475 3891 h.
1497 3846 1549 3890 an.

378 3929 441 3998 Vll
462 3937 511 4001 39.
548 3932 620 4000 Sch.
644 3932 737 4002 Pind.
760 3933 811 4003 01.
833 3933 949 4003 11152.

444 4135 483 4177 2⁵2
499 4133 560 4189 Hoc
571 4133 602 4188 in
612 4133 811 4204 posterioribus
829 4152 942 4204 quoquc
959 4136 1100 4192 aetatibus
1117 4134 1305 4191 diiudicandis
1322 4150 1358 4190 ne
1376 4130 1548 4190 obliviscare.

379 4217 493 4287 Quintil.
513 4218 552 4273 IX
568 4225 598 4283 4,
617 4224 649 4274 39
667 4217 826 4286 „Quaedam
847 4218 879 4274 in
901 4220 1044 4275 veteribus
1065 4220 1144 4275 libris
1164 4222 1278 4290 reperta
1301 4223 1408 4275 mutare
1425 4217 1551 4289 imperiti

379 4304 469 4360 solent
486 4305 515 4360 et
533 4304 600 4358 dum
622 4301 799 4359 librariorum
820 4303 952 4360 insectari
974 4304 1073 4360 volunt
1091 4303 1231 4359 inscitiam
1252 4321 1331 4359 suam
1354 4304 1549 4361 confitentes-⁴

380 4387 449 4443 'Pam
466 4404 560 4444 severe
578 4386 706 4443 iudicant
723 4387 759 4444 de
776 4387 1008 4446 coniectantibus.
