3425 4934
589 353 612 406 t.
638 349 679 406 De
695 348 946 422 intemspiratione.
1289 362 1348 425 307

182 538 277 604 bitari
297 560 392 624 posse
410 543 519 605 utram
537 540 618 607 illud
640 545 853 630 compositum
875 546 918 611 sit
938 566 979 611 an
1000 544 1123 626 minus,
1149 549 1257 612 utrum
1278 569 1350 613 cum

180 668 259 713 voce
287 647 392 713 aleni
420 648 536 735 spiritu
562 650 730 737 incipienti
756 653 972 739 compositum
994 674 1035 718 an
1056 652 1097 718 ab
1119 674 1245 740 aspero,
1273 655 1350 739 qnid

181 753 244 838 ipsi
268 754 430 820 videretur
456 753 586 822 illorum
607 759 774 845 signorum
799 781 860 846 ope
882 760 1026 826 adhibita
1047 759 1218 827 indicabat.
1262 760 1351 839 Quae

181 866 315 945 apparet
344 884 417 928 cum
446 862 579 949 reliquis
604 867 789 935 accentibus
817 890 883 932 uno
910 868 1087 953 eodemque
1108 867 1181 934 loco
1202 867 1351 933 habenda

182 990 260 1034 esse.
294 968 379 1035 Usns
394 975 444 1037 est
462 971 557 1038 simul
577 973 612 1038 in
631 975 817 1060 compositis
839 978 876 1040 ut
896 974 1061 1058 indicaret,
1082 980 1189 1042 utrum
1211 974 1351 1040 secunda

181 1099 255 1161 pars
275 1078 363 1144 vocis
394 1100 575 1164 expressam
603 1081 871 1168 significationem
897 1081 1046 1168 haberet,
1072 1105 1113 1149 an
1139 1082 1351 1149 delitesceret:

182 1184 270 1268 quod
293 1183 465 1271 discipulos
484 1189 565 1255 scire
587 1188 779 1257 volebam

263 1377 282 1461 ἕ
310 1383 339 1445 2.
385 1375 430 1444 Et
454 1377 494 1444 de
520 1379 707 1448 Aristarcho
740 1382 859 1448 diserta
890 1381 1020 1467 quidem
1047 1385 1175 1467 praeter
1202 1403 1240 1449 ea
1268 1404 1351 1468 qnae

181 1483 403 1569 congessimus
429 1484 615 1554 testimonia
643 1490 771 1574 desunt,
803 1490 922 1575 quibus
948 1491 981 1555 in
1008 1489 1141 1555 vocibus
1166 1490 1206 1556 ds
1231 1490 1289 1556 illa
1318 1493 1351 1556 in

182 1589 295 1656 mediis
320 1593 485 1660 vocabulis
511 1595 705 1681 aspiratione
733 1598 862 1664 locutus
888 1599 940 1664 sit.
983 1596 1048 1664 Sed
1073 1596 1150 1663 licet
1175 1602 1283 1664 tamen
1313 1598 1352 1664 de

182 1694 328 1780 pluribus
350 1702 519 1787 suspicari,
544 1704 583 1770 de
609 1705 774 1773 nonnullis
800 1728 904 1792 paene
924 1727 983 1792 pro
1010 1709 1098 1772 certo
1120 1704 1287 1773 affirmare.
1311 1744 1351 1755 -

181 1801 233 1870 nt.
247 1803 291 1870 M.
305 1828 337 1891 p
352 1813 458 1887 779,9
479 1804 826 1897 ὑπερικταίνοντο·
845 1805 978 1893 ,μιδδες
999 1805 1032 1878 δ’
1053 1807 1353 1898 ὑπερικταίνοντοα

182 1912 226 1998 (ψ
246 1915 288 1995 δ).
328 1907 461 2002 Κροίεης
483 1913 523 1982 τὸ
550 1910 635 2002 δίναν
658 1914 845 2008 dodilone
873 1921 906 2004 (1.
933 1912 1133 2005 ίαοίλλσνσο)
1159 1914 1352 2005 ὖιιερικσαί·

183 2040 278 2084 νοντα
291 2019 326 2105 (l.
339 2015 642 2111 ὕσεριξεεείνσντο).
675 2021 852 2107 Λυσανίας
870 2024 928 2094 ἐπί
939 2031 1000 2096 τοῦ
1011 2024 1144 2116 τρέμειν
1157 2025 1240 2117 φησί
1258 2024 1354 2094 τετεί-

179 2127 327 2205 χθαιῖἳῦ.
369 2121 394 2215 ἢ
414 2123 607 2219 δασύνεται,
634 2130 718 2200 ὥστε
738 2126 826 2200 εἶναι
844 2129 1090 2222 δπερικνοῦνισ.
1133 2131 1166 2203 σί
1192 2132 1229 2202 δὲ
1249 2130 1355 2213 πόδες

182 2231 365 2317 διϊιινσῦνσο
389 2235 446 2303 διὰ
468 2237 529 2328 τὴν
548 2239 654 2329 χαρὰν
673 2237 758 2330 incip
778 2240 818 2309 cd
838 2239 960 2327 μέτρον
979 2247 1038 2331 τῆς
1059 2237 1237 2328 δυνάμεως.
1273 2244 1353 2310 Cum

181 2340 232 2407 bis
259 2344 404 2412 conferas
429 2346 530 2415 schol
559 2352 600 2418 ad
622 2352 643 2419 l.
670 2350 692 2420 l.
718 2346 1009 2440 δπερικταίνονιοε
1038 2345 1251 2438 Ἀρίσταρχος
1278 2344 1353 2417 ἆνε-

181 2446 349 2519 πιίίλονσσ
371 2451 427 2519 καί
445 2451 611 2524 ἐκινοῦντο
633 2456 916 2548 προδυμουμίνης
936 2453 1039 2548 αὐτῆς
1051 2457 1202 2544 βαδίζειν
1219 2455 1351 2544 ταχέως,
1363 2463 1435 2533 (³²4)

181 2555 228 2644 μὴ
250 2555 431 2649 δυναμένης
453 2559 505 2644 δέ,
533 2557 621 2633 ἀλλὰ
647 2565 731 2632 κατὰ
761 2566 863 2656 βραχὺ
891 2566 1009 2636 διὰτὸ
1032 2570 1149 2656 γῆρας·
1179 2561 1198 2635 ὃ
1221 2563 1258 2633 δε*
1280 2568 1351 2650 (ins.
1369 2577 1419 2629 312

183 2660 389 2753 ΚράτηςΝὴ
418 2664 710 2757 ὖπερεξετείνυνεο.
751 2668 889 2759 ίίμεινον
915 2676 1022 2764 δῆθεν
1047 2672 1230 2753 ἐκινοῦντο,
1259 2672 1352 2758 παρὰ

181 2771 219 2841 τὸ
241 2766 349 2861 ίκσαρ,
374 2772 497 2845 iidem
517 2776 619 2866 ἐγγύς.
656 2780 789 2868 καὶγὰρ
808 2778 986 2870 προείρηκε
1007 2777 1176 2869 ,μείνασα
1198 2776 1229 2847 δ’
1253 2777 1353 2868 ίρῤιί-

181 2891 317 2951 σαντοίῑ.
351 2881 476 2966 ταχέως
492 2878 550 2955 οὖν
562 2882 809 2976 δπερικνυῦντο,
828 2886 934 2957 iidem
947 2885 1172 2977 παρεγίνοντο.
1200 2889 1353 2976 Apellen.

181 2989 243 3057 lex.
265 2992 361 3060 Hom.
383 3018 415 3080 p.
437 3001 498 3065 804
519 2989 809 3085 ίπερικιαίνοντοε
841 3002 906 3065 τῶν
931 2994 1025 3080 ἅπαξ
1048 2992 1225 3086 εἰρημένων
1253 2994 1289 3063 ἓν
1313 3001 1353 3088 τῇ

187 3101 220 3163 Ψ
230 3103 292 3187 τῆς
302 3095 517 3185 Ὀδυσσείας.
533 3157 566 3178 ..
586 3100 607 3173 d
629 3104 692 3194 γὰρ
703 3100 918 3195 Ἀρίσταρχός
936 3126 1037 3194 φησιν
1057 3099 1141 3191 ίίναν
1156 3099 1353 3191 ἐπάλλοντο,

183 3208 465 3301 σροδυμουμένης
491 3208 592 3303 αὐτῆς
617 3212 766 3300 βαδίζειν
785 3213 847 3301 μὲν
867 3213 1005 3297 ταχέως,
1028 3212 1073 3301 μὴ
1099 3210 1280 3301 δυναμένης
1302 3212 1351 3291 δέ,

184 3307 272 3381 ἀλλὰ
298 3316 382 3385 κατὰ
408 3317 526 3405 βραχύ,
556 3319 679 3390 διὰτὸ
705 3330 807 3412 γῆρας
833 3325 920 3411 <cod
948 3318 1082 3410 γήρως>.
1123 3321 1273 3405 (Sensum
1298 3343 1353 3387 ex-

184 3424 301 3507 pressit
321 3431 359 3493 ut
379 3426 550 3515 Virgilius:
570 3432 679 3500 studio
697 3433 892 3520 properabat
912 3432 988 3498 anili
1009 3429 1056 3497 IV
1077 3433 1159 3513 641.)
1196 3425 1352 3517 φαίνεται

250 3660 289 3703 εν
304 3661 424 3733 Antiqui
446 3663 624 3733 pomosa
645 3665 723 3722 nuc
744 3666 830 3724 cuasa
846 3684 899 3739 pro
920 3664 1000 3736 agno
1017 3662 1131 3735 onius
1152 3662 1196 3718 usi
1217 3666 1283 3719 sunt
1300 3657 1353 3729 ..τὸ

183 3739 365 3814 διχοτόμημα
382 3752 437 3804 τοῦ
452 3751 497 3804 Η“
515 3748 708 3821 (Choerobosc.
725 3750 814 3807 Beklr
831 3770 859 3823 p.
879 3755 947 3819 180).
980 3749 1062 3805 Hanc
1084 3749 1200 3803 sormam
1219 3747 1354 3804 describit

183 3826 314 3885 Priscian
333 3830 369 3888 de
386 3848 445 3890 acc.
462 3850 487 3890 c.
509 3840 533 3893 2.
551 3834 641 3892 Schol
659 3835 742 3894 Dion.
759 3853 801 3906 gr.
825 3835 886 3907 (qni
902 3852 936 3891 ex
953 3834 1034 3892 codd.
1052 3831 1162 3888 indiciis
1179 3832 1291 3889 videtur
1308 3834 1354 3890 rel

183 3908 317 3983 Porphyr.
339 3915 386 3972 rel
402 3912 573 3976 Theodosius
595 3923 663 3991 esse)
686 3938 713 3991 p.
736 3925 793 3977 683.
827 3919 907 3976 Alius
927 3939 954 3990 p.
973 3925 1030 3977 692.
1065 3916 1213 3975 Diomedes
1236 3917 1273 3973 ib.
1296 3923 1353 3978 7⁸0.

183 3994 224 4052 Gi.
242 3996 325 4068 Apul.
344 4000 379 4056 de
395 4004 464 4057 nota
481 4003 658 4075 aspirationis
675 4007 692 4076 ᾗ
709 4010 750 4062 ab.
769 4035 802 4047 -
823 4003 1063 4060 Semioncunrem
1080 4002 1102 4057 ii
1119 4002 1168 4073 qui
1185 4003 1355 4073 scripserant

183 4098 256 4150 qnae
273 4082 351 4139 edita
367 4089 433 4141 sunt
449 4088 547 4145 dread.
565 4107 593 4160 p.
613 4093 670 4148 188.
689 4093 746 4145 191.
777 4089 831 4161 (Of,
848 4089 988 4146 Mnsoccln
1006 4087 1037 4146 T.
1054 4088 1089 4146 H.
1108 4093 1156 4144 127
1173 4091 1232 4143 not
1253 4092 1303 4157 14.)
1319 4118 1354 4129 -

183 4165 228 4221 llli
245 4165 330 4222 sirnnl
346 4168 420 4225 hanc
436 4170 556 4228 formam
572 4173 681 4230 habent
698 4173 868 4230 circumflexi
879 4178 914 4238 Δ,
932 4174 963 4229 hi
979 4172 1098 4229 alteram
1115 4172 1196 4228 nobis
1211 4172 1352 4228 σείίείεοι.

250 4252 290 4296 2²⁶
306 4252 455 4322 Lysaniam
476 4254 626 4313 lectionem
642 4251 877 4316 διιοαιεταίνοντο
893 4260 960 4314 ante
978 4256 1071 4314 oculos
1088 4256 1217 4313 habuisse
1234 4255 1352 4328 suspica·

183 4338 230 4392 tur
247 4336 431 4395 Ruhnkenins
449 4341 486 4395 ad
504 4340 574 4399 'lina
592 4360 619 4413 p.
638 4346 678 4398 21.

214 4422 768 4498 ·ffl·<80dolsslibri,nonos>·
1094 4514 1145 4568 ²·

1111 4519 1126 4568 0
