3425 4934
353 314 392 376 32
635 307 716 364 LDe
733 308 859 364 lontibus
876 306 1020 362 doctrinae
1040 306 1239 362 Aristarcheae.

352 474 436 541 Sunt
471 475 533 540 alia
573 498 612 541 ex
649 475 878 562 Porphyrianis
914 478 1055 559 sumpta,
1089 474 1207 558 partim
1236 474 1373 555 integra,
1405 472 1523 556 partim

351 583 481 647 brevem
513 605 624 648 eorum
651 606 808 649 summam
835 582 990 647 habentia
1016 584 1065 662 (ut
1092 585 1124 644 T
1145 585 1211 663 79),
1238 581 1300 645 alia
1325 602 1364 644 ex
1390 579 1524 663 reliquis

352 689 490 755 scholiis,

434 796 553 863 Contra
592 797 680 862 haud
719 821 821 884 pauca
861 821 900 863 ex
934 798 1004 863 cod.
1045 798 1074 861 A
1112 795 1278 881 paullatim
1312 795 1347 859 in
1380 795 1524 879 reliquos

351 904 442 971 codd.
477 904 645 985 translata,
674 907 740 971 imo
775 906 933 991 quaedam
959 905 994 968 in
1022 903 1084 969 hoc
1119 903 1189 969 cod,
1221 903 1402 968 deficientia
1425 902 1524 968 hodie

351 1012 385 1076 in
416 1012 487 1077 aliis
514 1017 650 1079 exstant.
699 1012 745 1079 Ut
771 1014 903 1079 omnino
932 1034 971 1077 ex
1000 1013 1088 1077 omni
1122 1012 1188 1076 fere
1224 1010 1418 1076 scholiorum
1453 1010 1524 1076 Ho-

351 1120 543 1185 mericorum
571 1142 689 1207 genere
714 1121 889 1205 particulae
915 1120 1052 1185 invicem
1077 1119 1250 1184 translatae
1276 1123 1309 1183 et
1333 1118 1524 1183 commixtae

352 1231 508 1312 apparent
518 1229 553 1291 ¹⁷.

820 1482 1051 1492 —-—-——

865 1732 907 1809 C.
942 1731 1011 1808 III.

613 1916 663 1982 De
673 1916 744 2000 fide
766 1915 855 1983 codd.
877 1914 907 1978 L
928 1927 957 1978 et
984 1914 1015 1977 V
1031 1929 1060 1979 et
1081 1914 1252 1982 Eimtattc'c'.

434 2085 454 2169 ἓ
480 2091 505 2151 l.
541 2082 576 2149 si
606 2083 678 2167 quis
704 2083 805 2168 igitur
830 2080 940 2146 codice
960 2080 990 2146 A
1011 2085 1097 2146 recte
1118 2081 1167 2146 uti
1188 2083 1271 2162 vult,
1297 2084 1438 2167 quodam
1460 2085 1524 2151 lec·

352 2192 451 2257 tionis
466 2213 527 2256 usu
548 2195 581 2255 et
601 2191 773 2275 prudentia
794 2212 875 2274 opus
897 2192 954 2255 est.
989 2186 1060 2266 Qua
1080 2210 1147 2255 non
1170 2211 1252 2274 opus
1271 2190 1306 2254 in
1328 2191 1419 2258 codd
1438 2191 1470 2257 V
1491 2197 1525 2258 et

351 2299 376 2364 L
398 2303 431 2364 et
452 2320 535 2383 quae
556 2297 583 2362 Β
606 2319 679 2364 eum
704 2299 755 2363 his
778 2296 961 2363 communia
981 2295 1088 2361 habet
1126 2294 1212 2361 Nam
1239 2296 1277 2362 de
1305 2297 1356 2362 his
1384 2299 1525 2365 breviter

353 2406 416 2472 dici
436 2409 559 2491 potest,
580 2405 706 2470 nullum
726 2428 827 2471 unum
847 2405 981 2470 verbum
1001 2404 1041 2468 iis
1062 2404 1257 2469 credendum
1278 2425 1348 2469 esse
1360 2405 1396 2472 ¹⁸.
1438 2405 1463 2471 h
1484 2407 1524 2471 ad

351 2517 390 2579 A
411 2508 653 2582 essetecum
676 2507 821 2591 &sarova
847 2506 986 2592 ἔχουσιν.
1029 2512 1130 2576 etsie
1156 2533 1240 2577 unus
1261 2512 1376 2578 habuit
1396 2513 1524 2580 Aristo·

351 2622 473 2706 phanes
494 2615 543 2703 (ἐν
556 2614 735 2704 γλώπαις).
770 2624 810 2686 Α
824 2625 886 2689 585
907 2622 1016 2683 πᾶσαι
1037 2611 1154 2696 ἑνικῶς
1174 2613 1285 2698 ὄζουσι
1305 2617 1344 2684 τὸ
1364 2619 1460 2702 χειρί,
1484 2613 1522 2686 οὗ

351 2730 592 2814 πληθυντικῶς.
632 2729 678 2794 At
703 2728 802 2795 schol.
830 2728 875 2805 A,
902 2749 941 2792 ex
967 2749 1032 2811 quo
1060 2725 1181 2802 hausit,
1206 2749 1272 2794 non
1299 2749 1411 2794 omnes
1437 2729 1523 2809 dicit,

352 2837 409 2903 scd
441 2840 579 2922 quatuor
611 2840 714 2901 certas
748 2840 923 2901 enumerat.
973 2834 1055 2900 Item
1087 2838 1126 2899 A
1152 2841 1212 2903 598
1242 2827 1387 2914 οἰνοχόει
1410 2827 1526 2914 Ἰακῶς

304 2962 336 3012 32
354 2946 473 3007 πᾶσαι.
508 2943 554 3008 At
568 2965 624 3009 sex
638 2944 704 3008 suis
721 2942 908 3008 nominibus
922 2943 956 3006 in
973 2943 1071 3008 schol
1085 2943 1117 3007 A
1131 2946 1344 3023 enumeratae,
1364 2944 1427 3011 hoc
1442 2968 1524 3030 quae

352 3051 505 3129 habeant,
530 3051 663 3116 minime
685 3073 804 3116 omnes.
839 3049 922 3116 Item
943 3050 1025 3115 falso
1047 3052 1156 3115 πᾶσαι
1178 3051 1208 3115 V
1229 3052 1270 3115 ad
1291 3054 1323 3113 Γ
1341 3057 1409 3121 368.
1439 3051 1525 3119 BLV

353 3241 560 3250 ——--

419 3349 515 3404 1ΊΗὶο
536 3347 606 3404 mssai
630 3365 706 3404 error
728 3347 863 3403 delendus
890 3350 959 3414 erat,
983 3365 1067 3417 quem
1085 3348 1225 3418 inpriore
1247 3349 1371 3404 editione
1389 3350 1425 3405 de
1442 3351 1524 3406 Sena·

352 3428 694 3498 cheiimo'commiseram,
718 3449 802 3502 quem
831 3435 1012 3502 personatum
1034 3432 1221 3488 Hortibonum
1250 3438 1295 3502 (ex
1324 3435 1451 3491 Arabicis
1479 3454 1524 3491 vo·

352 3520 430 3575 cibm
447 3518 590 3574 dscherma
606 3520 636 3573 et
652 3517 742 3572 kerlm
758 3547 793 3558 -
809 3517 914 3585 hortm,
932 3516 1080 3588 benignus)
1103 3522 1276 3588 putaveram.
1313 3519 1525 3577 admonuerunt

352 3621 397 3660 me
419 3603 575 3674 complures
596 3620 631 3657 ex
652 3601 782 3671 Peyronii
803 3600 912 3657 Notitia
939 3601 974 3656 de
999 3601 1078 3657 libris
1104 3602 1361 3673 Valperpacalusii
1382 3624 1410 3674 p.
1434 3610 1466 3661 23
1489 3607 1524 3661 de

351 3688 488 3745 Michaele
510 3687 704 3744 Senscherimo
726 3686 771 3742 vel
793 3685 981 3742 Senacheribo
1003 3685 1125 3743 Nicaeae
1154 3687 1257 3742 saeculi
1286 3687 1362 3745 XIII.
1385 3707 1410 3743 v.
1440 3690 1524 3745 Bern-

351 3773 442 3842 hardy
458 3772 522 3830 hist.
540 3771 595 3827 litt.
614 3771 659 3826 Gr.
676 3770 704 3826 Π
723 3773 752 3826 1⁸
769 3789 797 3841 p.
816 3775 875 3825 203.
909 3769 946 3825 Et
963 3789 1038 3826 nunc
1056 3771 1241 3842 comperimus
1258 3771 1288 3826 in
1306 3772 1401 3828 codice
1419 3773 1523 3830 Vindo-

351 3856 470 3911 bonensi
490 3856 527 3911 ad
548 3856 598 3912 Od.
621 3876 643 3925 μ
664 3860 714 3913 iao
735 3857 806 3911 haec
827 3871 897 3910 esse:
928 3851 958 3909 ol
978 3854 1034 3924 μὲν
1054 3857 1221 3928 γράφουσιν
1237 3898 1244 3911 .
1263 3897 1270 3910 .
1289 3899 1296 3912 .
1315 3899 1322 3910 .
1341 3852 1408 3926 ἐμοὶ
1429 3858 1462 3915 δὲ
1483 3865 1526 3933 τῷ

352 3943 525 4012 σεναχηρεὶμ
545 3932 640 4004 οὕτως
660 3940 797 4011 ἐξήγηται
823 3932 923 4007 ἀέκητι
949 3943 1010 3994 τῶν
1038 3943 1120 3996 θεῶν
1148 3933 1293 3997 ἀνάκτων·
1326 3936 1439 4012 εἴρηται
1467 3938 1524 4015 γὰρ

351 4020 557 4095 ὑπερβολικῶς.
592 4042 619 4080 v.
637 4024 730 4080 Ueber
747 4023 792 4079 die
809 4022 1028 4080 Handschritten
1050 4025 1100 4080 der
1117 4025 1248 4081 Scholion
1264 4044 1313 4080 zur
1330 4026 1452 4095 Odyssea
1470 4045 1524 4084 von

352 4108 418 4163 Max
435 4125 490 4164 von
506 4108 637 4180 Karap'an.
672 4109 757 4166 Wien
775 4113 839 4165 1⁸57
857 4128 885 4178 p.
903 4113 945 4163 48.

420 4192 523 4249 18Ηοο
539 4198 572 4250 ut
593 4193 718 4248 dixeram
734 4194 776 4249 ita
796 4197 838 4249 est
866 4197 895 4249 et
916 4192 958 4247 ita
976 4194 1129 4249 tenendum
1146 4197 1196 4249 est
1232 4194 1344 4250 Accidit
1360 4198 1393 4250 ut
1410 4196 1524 4265 quidam

351 4277 548 4333 benevolentes
572 4277 657 4334 etiam
682 4276 736 4332 viri
756 4278 810 4333 hoc
831 4277 1024 4347 intelligerent
1047 4278 1126 4347 quasi
1156 4279 1285 4335 dixissem
1306 4279 1415 4335 nullum
1437 4298 1524 4334 unum

352 4379 450 4417 verum
467 4362 584 4417 verbum
601 4362 698 4419 inesse.
733 4362 813 4428 Quod
830 4379 897 4417 sane
915 4362 939 4416 si
955 4362 1084 4417 dixissem
1102 4363 1222 4419 absurde
1243 4363 1379 4419 dixissem.
