3425 4934
370 318 411 381 γε
452 311 487 365 Π.
515 310 557 366 De
574 312 751 369 Aristarchus
767 315 968 369 vocabulorum
986 314 1196 371 Homer-iconum
1213 278 1456 388 intaipretationo.

899 654 1013 734 Τρεῖν

750 813 795 865 eor
816 801 935 887 supere,
957 825 1020 867 non
1040 804 1156 867 timere.

450 963 592 1028 Ariston.
615 967 650 1026 X
668 970 726 1033 143
755 955 801 1040 dic
829 957 880 1050 ἄρ’
908 958 956 1049 ὅγ’
985 961 1163 1049 ἐμμεμαὼς
1183 959 1263 1043 ἰθύς
1283 961 1417 1031 πέτετο·
1444 961 1538 1049 τρέσε

368 1061 400 1133 δ’
417 1064 541 1152 Ἕκτωρ
562 1073 669 1152 τεῖχος
687 1068 755 1138 iimo
783 1068 918 1160 Τρώων,
943 1071 1095 1163 λαιψηρὰ
1118 1069 1155 1138 δέ
1175 1065 1303 1157 γούνατ’
1327 1067 1456 1155 ἐνιύμαε
1484 1068 1539 1137 ὅτι

365 1173 403 1242 τὸ
418 1172 533 1262 τρέσαι
547 1168 585 1242 ού
606 1176 666 1268 τὴν
687 1171 828 1269 πτόησιν
849 1174 1013 1270 σημαίνει,
1038 1175 1126 1247 ἀλλὰ
1148 1179 1207 1246 σὺν
1226 1184 1274 1266 τῷ
1295 1173 1438 1267 φεύγειν.
1472 1179 1537 1245 Pro

366 1282 425 1349 σὺν
437 1286 485 1370 τῷ
498 1285 592 1371 plura
610 1288 644 1352 in
658 1293 799 1354 mentem
813 1291 961 1366 veniunt3
983 1291 1133 1376 equidem
1153 1295 1233 1376 puto
1248 1291 1403 1375 scriptum
1423 1288 1536 1353 finisse:

366 1387 518 1481 συνήθως
539 1386 638 1479 αύτῷ.
679 1395 751 1462 Ηοο
778 1399 888 1482 potius
907 1399 1010 1483 probo
1033 1421 1130 1482 quam
1152 1390 1321 1473 συντόνως.
1361 1394 1472 1464 Ξὸλλ
1494 1387 1533 1460 ού

365 1495 427 1586 γάρ
453 1499 490 1567 οῖ
510 1525 562 1580 τις
582 1494 701 1584 δμοῖος
727 1494 941 1569 ἐπισπέσθαι
966 1502 1066 1570 ποσῖν
1085 1494 1144 1591 ἦεν
1170 1498 1301 1586 ἀνδρῶν
1318 1495 1533 1585 τρεσσάντων,

365 1603 420 1674 ὅτε
440 1630 476 1673 τε
496 1606 581 1687 Ζεύς
609 1605 644 1674 ἐν
665 1605 775 1699 φόβον
796 1604 894 1700 δροηε
925 1607 979 1677 ὅτι
1004 1604 1043 1678 ού
1071 1608 1162 1697 λέγει
1181 1605 1385 1696 τρεσσάντων
1406 1607 1537 1674 δεισάν-

363 1737 439 1794 των,
464 1707 552 1780 atta
574 1711 755 1804 φυγόντων·
778 1717 939 1805 »τρέσσαι
961 1711 993 1784 δ>
1018 1712 1130 1786 σύκέτι
1151 1715 1260 1808 ρι’μφα
1281 1714 1386 1796 πόδες
1406 1714 1536 1805 φέρον(

299 1831 353 1902 (92)
366 1827 413 1905 (N
432 1827 553 1908 515)⁴⁹.
593 1825 703 1893 Recte.
743 1826 889 1894 Probent
916 1834 949 1895 et
975 1830 1155 1914 composita
1181 1826 1326 1911 διατρεῖν
1353 1820 1537 1909 (διέτρεσαν

315 1944 348 1996 78
366 1924 504 2009 ἄλλυδις
525 1928 632 2020 utto),
655 1938 836 2020 παρατρεῖν
856 1938 900 2021 (Ε
911 1939 994 2019 295),
1015 1938 1180 2021 περιτρεῖν
1201 1939 1253 2017 (Λ
1266 1937 1348 2018 676),
1368 1928 1534 2017 ύποτρεῖν,

365 2043 398 2105 et
426 2040 581 2127 simplicis
606 2043 696 2109 verbi
718 2045 914 2109 omniafere
936 2045 1082 2130 exempla
1107 2049 1194 2110 certa
1215 2049 1248 2109 et
1267 2066 1425 2128 expressa.
1460 2042 1535 2106 Duo

364 2152 454 2231 sunt,
474 2150 531 2214 ubi
553 2151 626 2235 quis
649 2151 795 2216 dubitare
817 2152 932 2237 possit,
954 2154 984 2216 P
1002 2158 1071 2219 332.
1102 2158 1132 2215 Φ
1153 2157 1224 2220 288.
1263 2151 1328 2216 Sed
1349 2151 1383 2214 hi
1405 2172 1535 2234 quoque

363 2256 426 2322 loci
451 2256 585 2324 alteram
612 2259 880 2345 significationem
906 2261 1094 2337 admittunt,
1121 2261 1187 2325 imo
1214 2262 1402 2338 contextus,
1434 2258 1461 2321 si
1482 2279 1536 2321 ac-

364 2365 504 2430 curatius
526 2365 709 2451 inspicitur,
737 2368 859 2435 suadet.
901 2369 953 2434 Ad
974 2369 1004 2431 P
1021 2373 1082 2436 332
1103 2368 1165 2432 vid.
1193 2389 1219 2434 v.
1243 2371 1313 2434 316.
1342 2370 1403 2433 343
1426 2357 1533 2446 (τρεῖτ’

363 2463 507 2537 ἄσπετον
527 2475 678 2558 estquod
699 2497 759 2540 nos
781 2475 917 2541 dicimus
937 2474 1209 2561 „unglaublich“);
1230 2475 1268 2540 ct
1283 2470 1396 2541 2132.
1435 2473 1485 2537 Ad
1505 2476 1535 2534 Φ

362 2584 423 2646 288
444 2580 483 2645 cf.
509 2584 540 2643 Φ
561 2589 621 2650 575
647 2575 705 2670 (μή
726 2606 761 2647 τι
781 2577 856 2669 λίην
876 2579 950 2668 τρέε
974 2583 1112 2663 „weiche
1134 2605 1216 2670 ganz
1238 2583 1304 2647 und
1326 2602 1385 2666 gar
1406 2580 1534 2661 nicht‘).

444 2686 509 2753 Sed
530 2691 793 2756 commorandum
821 2696 871 2757 est
896 2692 931 2756 in
952 2690 1015 2756 hoc
1036 2690 1208 2769 vocabulo,
1236 2690 1274 2754 de
1297 2710 1362 2773 quo
1384 2688 1412 2753 si
1432 2711 1534 2753 unum

361 2794 545 2862 Dammium
560 2799 722 2884 exceperis
735 2798 956 2885 lexicographi
970 2799 1073 2864 nostri
1095 2800 1204 2863 omnia
1222 2797 1394 2862 falsissima
1415 2796 1533 2861 docent

360 2903 519 2989 bonisque
534 2927 616 2990 quos
638 2906 840 2992 collegerunt
859 2907 941 2972 locis
961 2930 1059 2993 prave
1081 2908 1130 2972 usi
1152 2911 1235 2972 sunt
1271 2905 1356 2983 Quid
1378 2904 1466 2989 quod
1487 2926 1528 2968 ne

359 3010 438 3076 illud
460 3013 590 3096 quidem
611 3013 651 3079 de
676 3014 770 3080 leone
791 3018 924 3100 propter
944 3014 1062 3081 famem
1085 3017 1239 3080 renovato
1260 3013 1379 3078 iterum
1398 3012 1534 3076 iterum·

361 3141 423 3204 que
437 3121 561 3205 impetu
575 3142 692 3206 pecora
706 3122 925 3208 aggrediente,
947 3144 1045 3207 quem
1066 3127 1212 3208 pastores
1233 3120 1387 3186 coniectis
1408 3119 1533 3185 facibus

358 3225 526 3310 repellunt,
547 3221 607 3304 ταῖς
626 3250 662 3292 τε
682 3231 753 3310 τρεῖ
772 3221 950 3311 ἐσσύμενός
969 3252 1032 3315 περ
1054 3234 1094 3294 Λ
1114 3238 1185 3297 554.
1207 3231 1236 3291 Ρ
1252 3232 1320 3307 663,
1340 3231 1428 3292 recte
1449 3227 1533 3290 acci·

358 3334 452 3419 piunt
476 3339 510 3399 st
535 3334 574 3399 de
596 3337 709 3401 timido
731 3336 932 3424 intelligunt,
959 3360 1025 3403 non
1048 3338 1087 3403 de
1108 3336 1258 3422 repulso?
1279 3370 1319 3379 —
1341 3334 1400 3401 cui
1423 3328 1533 3421 φόβος

358 3442 495 3506 iniectus
517 3446 567 3507 est
586 3443 614 3507 is
635 3444 733 3529 fugit,
763 3447 815 3511 cui
836 3439 926 3532 φύζα
946 3446 1066 3511 iniecta
1089 3448 1138 3509 est
1158 3443 1186 3508 is
1206 3442 1367 3508 fecithoc
1388 3441 1532 3526 pavidus,

358 3549 539 3634 trepidante
560 3551 669 3633 corde,
690 3548 860 3638 πεφυζαῖςε
885 3555 957 3635 τρεῖ
981 3553 1037 3618 ille
1066 3553 1121 3638 qui
1143 3550 1286 3637 periculo
1307 3552 1459 3635 percepto
1481 3546 1533 3613 vel

357 3679 433 3722 vero
454 3655 505 3722 vel
526 3657 601 3724 ficto
629 3659 725 3724 celeri
752 3663 897 3748 corporis
918 3664 1011 3726 motu
1032 3662 1198 3725 retractat:
1225 3658 1362 3723 maxime
1384 3659 1417 3721 et
1439 3656 1532 3740 quasi

424 3870 450 3909 ⁴⁹
467 3865 544 3921 Haec
556 3865 627 3921 mihi
638 3866 770 3923 videntur
781 3868 840 3923 sola
852 3867 1003 3923 Aristonici
1021 3865 1191 3928 testimonia,
1208 3881 1264 3918 non
1276 3865 1306 3919 N
1317 3868 1366 3919 515
1384 3859 1431 3918 ὅτι
1447 3860 1532 3932 τρέσ-

357 3968 406 4006 σαι
424 3958 529 4021 φυγεῖν
544 3949 735 4021 μετὰζδέους,
753 3944 815 4008 ἀλλ’
832 3951 868 4008 οὔ
884 3956 980 4022 ψιλοῖς
997 3956 1112 4022 φυγεῖν·
1131 3954 1230 4021 ‚roeo
1245 3940 1276 4016 μ’
1292 3948 1345 4003 οὐκ
1362 3946 1400 4022 ἐᾷ
1415 3946 1534 4010 Παλλὰς

355 4031 473 4107 Ἀθήνη·
489 4036 527 4104 (Ε
543 4038 612 4106 rto).
642 4034 722 4102 Quod
739 4054 774 4092 ex
790 4038 867 4092 bona
882 4036 1078 4091 observatione
1095 4036 1257 4103 cormptum
1275 4034 1318 4087 est
1333 4049 1353 4086 a
1368 4030 1532 4087 recentiori-

355 4119 407 4177 bus
418 4122 452 4175 ut
463 4137 497 4176 eo
508 4119 578 4185 loco,
598 4137 682 4190 quem
693 4120 775 4177 initio
792 4121 882 4193 posui,
900 4123 932 4176 X
943 4126 1000 4187 143,
1018 4121 1048 4174 in
1066 4119 1126 4175 cod
1139 4118 1165 4173 V
1183 4122 1226 4173 est
1241 4116 1340 4188 τρέσεε
1358 4116 1434 4186 μετὰ
1445 4115 1533 4180 δέους

356 4201 474 4276 ἔφυγεν.
503 4204 556 4271 Qui
568 4204 643 4274 μετὰ
654 4203 739 4269 δέους
752 4204 884 4261 videntur
895 4203 1034 4260 addidisse
1049 4208 1082 4261 ut
1092 4204 1129 4259 ad
1141 4200 1284 4272 vulgarem
1297 4199 1529 4271 significationem

356 4288 532 4351 accederent3
560 4305 617 4343 uon
639 4287 713 4344 inest
734 4288 837 4345 hocin
855 4290 942 4345 verbo
964 4289 1041 4359 apud
1057 4287 1209 4343 Homerum
1226 4296 1263 4355 (v.
1281 4289 1307 4341 Δ
1326 4289 1401 4353 ⁵46),
1423 4302 1476 4340 uec
1494 4285 1530 4339 ab

356 4372 464 4443 origiue
481 4372 562 4442 inest,
579 4372 628 4428 ssd
645 4373 743 4429 celeris
759 4377 860 4429 motus.
889 4373 930 4429 De
947 4390 1003 4442 quo
1020 4390 1085 4428 mox
1104 4372 1235 4427 dicemus.
