3425 4934
556 326 580 380 1.
602 321 644 377 De
662 319 858 377 comtituenda
875 318 1002 376 lectione.
1307 323 1367 384 355

199 485 284 553 κατὰ
311 485 374 573 γὰρ
402 484 463 573 τὴν
489 486 731 576 προειρημένην
761 482 913 569 σύνταξιν
943 486 1130 570 (secundum
1157 506 1195 549 ea
1221 506 1302 568 quae
1330 483 1368 547 de
1381 482 1453 552 (3⁷⁷)

199 598 361 661 structura
381 594 507 662 articuli
530 597 681 681 diximus)
700 594 758 663 ἐπὶ
773 589 892 662 τούτου
914 590 1019 660 πάλιν
1040 587 1150 658 λείπει
1170 587 1209 655 τὸ
1230 583 1370 671 άρθρον.

199 700 256 767 καὶ
280 693 322 789 ἦν
344 697 533 786 ἐγκείμενος
558 698 577 771 ὁ
605 699 664 770 δαί
688 699 871 787 σύνδεσμος
892 697 1066 777 λείποντος
1091 692 1202 764 ἑνικοῦ
1227 690 1368 781 άρδρου,

199 806 285 894 λέγω
310 812 370 875 τοῦ
391 802 422 897 ἡ.
462 809 520 877 καί
546 807 652 898 σαφὲς
673 806 725 877 δτι
746 810 831 878 κατὰ
856 809 917 898 την
937 803 1092 894 τοιαύτην
1114 801 1265 885 σύνταξιν
1285 799 1372 891 πρό-

200 915 285 1004 δηλα
298 915 340 982 τὰ
354 920 414 983 τοῦ
429 913 529 1002 λόγου
543 912 772 1007 καθειστήκει,
795 915 880 1004 λέγω
895 912 915 1004 ἡ
934 916 1047 1003 λεῖψις
1067 911 1128 996 μὲν
1147 916 1207 980 τοῦ
1229 906 1370 998 άρδρου,

199 1018 392 1109 παράθεσις
422 1022 460 1092 δδ
484 1012 505 1112 ἦ
532 1029 593 1094 τοῦ
621 1024 814 1110 συνδέσμου.
862 1023 919 1092 καῖ
945 1020 1050 1103 ούτυς
1077 1016 1310 1105 ἀκριβέστερον
1333 1017 1372 1084 τὸ

195 1125 376 1220 Ὁμηρικδν
401 1126 485 1212 δ’δος
507 1128 734 1203 ἀπεδείκνυτο.
778 1133 937 1219 καὶγὰρ
967 1125 1023 1198 ἐπ’
1055 1124 1186 1196 dites
1210 1125 1255 1195 τὸ
1283 1124 1374 1193 δίον

200 1243 233 1325 (i.
249 1264 276 1308 e.
292 1241 379 1327 quod
393 1241 619 1329 philosophica
636 1245 719 1310 ratio
740 1244 888 1329 requirit)
909 1232 952 1327 ἦν
972 1234 1285 1325 παραδέξασθαι
1306 1231 1372 1300 καὶ
1390 1252 1436 1304 361

200 1348 243 1413 τὸ
263 1342 433 1435 σύνηθες
453 1344 733 1435 προύκρίνετο·

282 1453 321 1521 σύ
344 1452 381 1522 δδ
401 1459 534 1526 θᾶσσον
552 1453 719 1547 Ἀθηναίῃ
741 1452 919 1536 δπίτειλαι,

200 1559 285 1648 λέγω
300 1562 385 1630 κατὰ
402 1565 648 1655 προστακτικήν
662 1564 863 1657 προσφορὰν
876 1561 1139 1649 προπαροξύνων
1153 1564 1276 1644 (παῖ),
1299 1552 1371 1624 ἀλλ’

200 1662 242 1758 ἦν
257 1663 345 1738 άλλα
365 1670 439 1739 τινὰ
459 1671 501 1740 τὰ
525 1668 728 1743 διδάσκοντα
750 1666 1003 1762 άπαρεμφάτονς
1024 1664 1222 1754 ἀναγνῶναι,
1247 1661 1376 1746 εύδέως

202 1775 239 1846 ἐκ
259 1782 319 1847 τοῦ
340 1779 587 1868 παρακειμένου

285 1892 406 1976 πειρᾶν
428 1883 460 1956 δ’
484 1887 531 1970 δίς
551 1914 608 1958 κεν
630 1894 742 1977 Τρῶες
760 1928 802 1943 -

206 1994 265 2062 καὶ
285 1993 322 2063 ἐκ
343 2000 403 2065 τοῦ

286 2103 328 2171 τὰ
351 2100 383 2171 δ’
408 2098 534 2173 άποινα
557 2101 717 2188 esseest

204 2211 262 2279 καὶ
285 2208 450 2281 πλείστων
479 2208 624 2282 άλλων.“
666 2213 712 2281 Σύ
736 2210 773 2281 δὲ
793 2214 928 2280 θᾶσσον
945 2205 1111 2299 Ἀθηναίη
1139 2206 1306 2276 ἐπιτεῖλαι
1327 2217 1377 2278 est

205 2330 238 2389 Δ
256 2330 310 2404 64,
329 2323 386 2389 ubi
405 2323 621 2393 Aristonicus:
652 2317 685 2409 (ἡ
711 2320 830 2409 διπλῆ)
853 2317 966 2388 ὅτιτὸ
989 2316 1157 2386 ἐπιτεῖλαι
1179 2310 1252 2383 άντλ
1272 2341 1377 2403 προσ-

203 2433 360 2496 τακτικοῖ
375 2432 545 2497 astruant
581 2431 671 2518 Euge
686 2432 719 2497 id
738 2430 942 2519 praeoptavit
963 2429 1051 2514 quod
1071 2449 1137 2493 uon
1158 2431 1226 2493 tam
1246 2427 1377 2514 vulgare

205 2560 303 2623 quam
322 2537 487 2605 Homerici
508 2540 666 2605 sermonis
687 2539 854 2625 proprium
875 2539 1045 2604 videretur.
1082 2536 1147 2602 Sed
1167 2536 1227 2601 hac
1248 2557 1378 2620 quoque

206 2647 297 2713 inre
319 2646 452 2712 minime
473 2647 678 2732 pertinaciter
700 2647 819 2733 egisse,
852 2646 1076 2713 testimonium
1098 2648 1147 2710 est
1167 2644 1206 2709 de
1227 2644 1278 2709 his
1299 2645 1378 2729 ipsis

205 2754 412 2839 imperativis.
447 2757 476 2817 Σ
498 2761 556 2825 140
578 2754 730 2842 legimus:

289 2856 382 2944 ύμεῖς
401 2857 463 2944 μὲν
483 2863 540 2926 νῦν
562 2859 637 2927 δῦτε
657 2854 834 2949 θαλάσσης
855 2853 955 2944 eripior
976 2853 1106 2927 κόλπον

288 2963 460 3061 ὀψόμεναί
478 2992 515 3035 τε
535 2963 673 3053 γέρονθ’
696 2965 796 3036 άλιον
816 2966 875 3036 καὶ
896 2961 1034 3053 δείματα
1055 2961 1191 3051 πατρός,

289 3074 348 3144 καί
370 3072 403 3144 οῖ
423 3070 518 3143 πάντ’
541 3070 733 3164 ἀγορεύσατ’
754 3116 795 3127 -

207 3188 380 3273 Didymus:
401 3182 495 3270 παρὰ
517 3177 695 3273 Ζηνοδότῳ
715 3178 902 3271 ἀγορεῦσαι.
938 3182 995 3252 καὶ
1015 3178 1200 3274 ὑποφαίνει
1221 3180 1260 3251 τὸ
1278 3176 1380 3270 Ὁμη-

208 3293 303 3380 ρικὸν
328 3289 421 3371 ἔθος.
463 3293 549 3360 Hinc
578 3294 679 3379 igitur
706 3295 745 3360 de
772 3294 960 3363 Aristarcho
988 3293 1194 3359 iudicandum
1223 3299 1281 3361 est.
1323 3291 1381 3357 lile

209 3404 434 3470 observaverat
459 3401 602 3467 articulis
624 3401 803 3468 Homerum
828 3401 1020 3489 plerumque
1046 3424 1112 3468 non
1134 3403 1191 3468 uti.
1234 3403 1288 3467 An
1308 3400 1381 3465 ideo

209 3534 322 3577 omnes
340 3509 493 3577 articulos
516 3508 673 3576 exclusit?
702 3509 846 3577 Minime.
889 3508 941 3577 Ne
969 3509 1093 3576 ferente
1120 3509 1251 3595 quidem
1270 3512 1383 3573 metro.

208 3612 304 3695 Αἴας
325 3610 357 3682 δ’
381 3611 400 3685 ὁ
423 3613 528 3703 μέγας
549 3609 619 3683 αἰὲν
639 3655 681 3666 -
703 3621 741 3682 Π
760 3623 830 3687 358.
867 3641 895 3683 r.
915 3617 1044 3703 Didym.
1066 3621 1097 3681 B
1121 3626 1188 3685 111.
1230 3615 1383 3702 Apollon.

209 3730 293 3813 synt.
315 3733 363 3795 41.
406 3725 472 3794 Sed
497 3717 598 3791 άλλοι
619 3725 747 3812 scripsit
767 3748 834 3793 non
857 3714 978 3803 ὧλλοι,
1009 3726 1098 3811 quod
1118 3726 1197 3792 satis
1217 3724 1310 3789 firma
1330 3746 1384 3788 ac·
1412 3751 1415 3757 ·

209 3835 344 3901 cedebat
369 3838 653 3902 monumentorum
679 3834 862 3902 auctoritas.
913 3832 1028 3916 Simul,
1057 3835 1180 3921 opinor,
1206 3833 1381 3920 cogitabat
1396 3842 1468 3910 (aas)

209 3932 316 4009 ιδλλοι
346 3963 412 4007 non
437 3941 512 4028 plus
532 3942 638 4009 dicere
661 3964 758 4027 quem
780 3936 895 4021 ἄλλοι,
926 3943 984 4008 sed
1012 3942 1047 4007 in
1068 3935 1163 4020 Αίας
1185 3933 1217 4006 δ’
1241 3934 1259 4008 ὁ
1282 3937 1386 4023 μέγας

211 4042 284 4115 αἰέν
316 4048 458 4134 aliquam
490 4050 531 4116 ad
558 4050 823 4137 distinguendum
851 4052 893 4118 ab
922 4050 1025 4118 altero
1051 4050 1150 4117 Aiace
1180 4049 1246 4116 vim
1271 4050 1386 4129 inesse,

212 4180 407 4244 quamquam
432 4156 509 4225 alibi
533 4158 585 4223 vel
612 4158 647 4224 in
673 4159 735 4226 hoe
763 4163 862 4245 poete
887 4179 926 4225 ex
951 4181 1040 4225 more
1067 4180 1126 4224 suo
1156 4150 1260 4242 αὐτὰρ
1282 4150 1384 4222 ἔπειτ’

277 4308 317 4351 ²⁶⁶
334 4305 363 4362 Si
381 4309 405 4362 Α
423 4309 472 4363 301
489 4305 627 4379 πείρησαι
644 4307 767 4380 scripsit,
785 4313 940 4366 accemmt
957 4309 1053 4379 aliqua
1071 4309 1106 4365 de
1124 4325 1175 4364 usu
1192 4307 1278 4365 medii
1296 4308 1386 4364 obser·

211 4392 296 4450 vatio.
325 4391 501 4449 Herodianus
518 4391 571 4449 hoc
588 4393 649 4451 Ιοοο
668 4393 779 4451 diversa
795 4394 903 4451 miscet.

1126 4482 1177 4535 13*
