3425 4934
361 324 402 389 96
447 314 480 372 11.
508 313 550 372 De
566 313 743 372 Aiistarohea
759 312 958 374 vooabnlorum
974 314 1185 374 Homerioorum
1200 315 1442 389 interpretatione.

361 483 434 563 Quo
455 484 528 550 loco
550 484 767 551 Aristonicus:
796 479 828 571 (ἡ
854 484 960 572 διπλη
983 482 1245 571 περιεστιγμένη)
1272 480 1323 549 ὅτι
1345 482 1533 571 Ζηνόδοτος

360 585 484 680 γράφει
502 589 604 669 θεοὺς
622 595 694 680 ῥεῖα
718 586 876 672 ζώοντας,
901 588 939 673 έξ
958 580 997 657 οὗ
1019 587 1164 680 φανερός
1184 589 1254 657 ἐστι
1271 588 1355 656 κατὰ
1375 589 1414 657 τὸ
1436 613 1533 675 περι-

360 696 534 782 σπώμενον
548 692 740 784 ἀνεγνωκὼς
760 690 808 788 ,,ἦ
822 694 854 765 δ’
879 692 1029 783 δμυδιςίέ,
1050 693 1090 764 ἵν’
1114 692 1134 791 ᾖ
1154 693 1229 786 ἔφη,
1252 693 1298 776 ώς
1318 694 1388 764 ἐκεῖ
1408 688 1455 787 ,οἷ
1475 695 1532 763 καί

312 801 346 853 9⁰
364 803 566 896 xvotvtyoov‘t
589 800 728 896 ἠγνόηκε
743 804 780 873 δέ
794 804 846 873 δ’τι
865 802 925 872 tut
939 829 1008 873 τισι
1023 804 1278 894 προειρημένοις
1296 800 1432 872 τίθεται
1452 799 1530 891 παρ’

358 906 494 1001 Ὁμήρῳ
515 911 553 979 τὸ
573 905 614 1002 ἧ,
647 908 706 981 οόκ
733 911 768 979 έν
795 907 879 1004 ἀρχῇ
906 912 1013 998 λόγου.
1053 914 1143 981 Idem
1165 915 1195 980 h.
1218 914 1239 980 L
1261 916 1411 981 observat
1430 915 1532 1000 Didy-

361 1045 442 1089 mus.
478 1022 675 1109 Porphyrius
693 1024 733 1090 εδ
749 1023 851 1091 Ε533
874 1027 908 1089 et
927 1022 990 1088 hoo
1012 1023 1095 1088 idem
1118 1026 1349 1087 commemorat
1371 1026 1404 1088 et
1424 1021 1532 1106 plures

278 1132 350 1203 (1⁰⁶)
363 1130 502 1215 exquinit
521 1129 752 1196 vocabulorum
773 1120 844 1217 stet
865 1133 914 1216 φη
937 1130 1141 1196 differentias.
1176 1127 1281 1195 Nobis
1302 1129 1532 1197 attendendum

361 1242 412 1305 est
435 1235 507 1302 illas
530 1236 686 1303 formulas
714 1228 734 1326 ἦ
761 1232 820 1302 καί
845 1229 926 1325 ειη
960 1244 1002 1323 ρα
1024 1231 1083 1301 καί
1107 1239 1147 1304 ab
1173 1237 1268 1302 initio
1294 1258 1445 1302 versuum
1465 1240 1533 1300 tam

360 1343 468 1410 firmus
488 1344 588 1410 fuisse
608 1347 643 1410 in
664 1345 720 1411 illa
739 1346 873 1430 antiqua
902 1346 1048 1412 oratione
1072 1349 1110 1410 ut
1134 1367 1206 1410 raro
1233 1343 1356 1430 aliquid
1381 1344 1532 1409 immuta-

360 1451 461 1517 tionis
485 1451 619 1535 ferrent,
648 1452 770 1520 ferrent
793 1458 911 1519 tamen
958 1452 1131 1519 Passovius
1158 1452 1287 1537 quidem
1315 1450 1403 1536 quod
1424 1449 1534 1529 semel,

361 1563 398 1624 ut
418 1561 480 1640 ait,
511 1559 692 1625 subiectum
718 1560 905 1626 adiunctum
929 1565 1015 1626 esset
1039 1561 1074 1625 in
1094 1549 1117 1645 ἦ
1139 1561 1181 1642 ῥα
1203 1557 1280 1645 γονὴ
1303 1553 1422 1643 ταμίη·
1456 1550 1530 1622 ὁδ’

361 1659 529 1731 ἀπέσσυτο
556 1662 710 1748 δώματος
726 1664 854 1750 Ἕκτωρ
880 1671 924 1751 (Ζ
947 1673 1033 1752 396),
1062 1667 1096 1732 id
1121 1671 1305 1752 suspectum
1331 1666 1458 1745 habuit,
1485 1667 1534 1754 φη

362 1773 598 1842 commendans.
634 1774 699 1842 Sed
721 1775 871 1841 astitum

401 1871 423 1967 ἦ
445 1875 475 1968 ῥ’
500 1875 519 1948 δ
541 1878 657 1968 γέρων·
678 1880 805 1961 πολιὰς
825 1876 857 1947 δ’
883 1876 933 1965 ἄρ’
958 1877 1022 1947 ἀνὰ
1043 1875 1156 1968 τρίχας
1176 1879 1290 1948 ἕλκετο
1311 1875 1420 1964 χερσίν

361 1993 398 2053 Χ
417 1996 465 2057 77.
502 1993 542 2053 nt
562 1995 639 2056 sunt
659 1994 825 2075 praeterea
844 1981 938 2056 haece

401 2086 423 2183 ἦ
445 2089 477 2181 ῥ’
502 2094 573 2180 ἅμα
595 2119 630 2162 τε
651 2095 852 2181 προσέειπεν
871 2091 1040 2185 Ὀδυσσῆα
1061 2092 1297 2180 πτολίπορθον
1318 2117 1338 2161 σ
1359 2102 1430 2165 356.

401 2195 424 2290 ἦ
444 2196 488 2288 ῥ’,
509 2197 657 2286 Ἀχιλεὺς
678 2199 710 2270 δ’
734 2200 903 2291 ἑτάροισιν
924 2199 976 2271 ίδδ
997 2206 1127 2295 δμωῇσι
1147 2201 1299 2269 κέλευσεν
1320 2204 1351 2268 Ω
1371 2209 1441 2272 643.

403 2302 426 2398 ἦ
447 2305 478 2398 ῥ’
503 2302 539 2376 εὖ
557 2308 756 2397 γιγνώσκων,
783 2316 902 2396 Τρῶας
920 2307 953 2378 δ’
980 2306 1059 2394 ἷίχος
1079 2308 1201 2394 ἔλλαβε
1222 2308 1331 2393 θυμόν
1350 2308 1383 2379 Ξ
1401 2318 1471 2378 475.

319 2448 322 2454 ·
363 2418 401 2485 In
427 2420 545 2505 quibus
566 2424 675 2488 tamen
700 2410 725 2508 ἦ
746 2422 787 2503 ῥα
809 2425 947 2488 tenetur.
995 2420 1069 2487 Uno
1091 2443 1130 2488 oo
1152 2421 1241 2500 loeo,
1270 2420 1327 2485 ubi
1352 2441 1411 2485 neo
1436 2408 1455 2507 ἦ
1477 2411 1536 2481 καί

365 2549 424 2594 neo
444 2517 467 2614 ἦ
488 2532 531 2613 ρα
552 2533 609 2609 ost,
635 2532 666 2591 Φ
687 2533 756 2608 361,
777 2528 900 2615 legitur

509 2638 557 2722 φῆ
578 2632 658 2717 πυρί
678 2632 867 2719 καιόμενος,
891 2628 956 2701 διὰ
975 2631 1012 2701 δὲ
1033 2630 1118 2723 φλόε
1138 2632 1226 2700 καλὰ
1247 2629 1381 2717 ῥέεθρα.

364 2742 469 2822 Quare
499 2746 549 2809 est
575 2764 631 2808 our
656 2744 809 2811 miremur
833 2745 869 2810 in
894 2743 1022 2830 hymnis
1048 2746 1098 2832 φῆ
1123 2745 1164 2826 δα
1186 2741 1267 2819 θεά,
1291 2742 1383 2808 Dem.
1408 2748 1465 2807 145
1488 2742 1535 2821 (in

364 2872 428 2935 quo
454 2873 574 2916 novum
600 2851 635 2916 in
663 2851 802 2917 formula
827 2843 875 2928 δίς
901 2841 952 2935 ἱέρ’
976 2844 1040 2939 ἔφη
1062 2851 1207 2917 additum
1228 2849 1421 2928 subiectum,
1446 2871 1475 2913 ι.
1495 2855 1534 2916 59

363 2949 411 3034 δίς
431 2950 486 3042 ι’ίρ’
510 2951 574 3046 ἔφη
593 2954 733 3045 Ἑκάτη),
755 2961 806 3046 φη
826 2951 858 3044 δ’
885 2951 904 3023 ὁ
927 2955 1045 3042 γέρων,
1067 2958 1164 3024 Mera
1184 2964 1245 3025 212
1267 2948 1303 3042 (η’
1324 2951 1383 3020 καί
1403 2961 1454 3023 est
1473 2956 1535 3040 Ap.

364 3068 446 3148 381).
469 3107 510 3116 -
529 3066 626 3151 Apud
643 3066 857 3152 Apollonium
879 3065 1042 3132 Rhodium
1066 3055 1088 3152 ἦ
1117 3058 1148 3152 ρ’
1177 3062 1248 3148 ἅμα
1278 3059 1338 3129 καί
1357 3063 1387 3130 Π
1409 3070 1478 3132 619.
1514 3052 1534 3148 ἦ

362 3173 405 3255 ῥα
422 3171 508 3257 μέγα
524 3169 788 3262 φρονέωνΙ348.
808 3172 841 3239 Π
859 3180 905 3242 19.
941 3165 1024 3261 ἦρα
1045 3167 1340 3261 περιφραδέωςΠΙ
1360 3179 1431 3241 947.
1471 3170 1535 3238 Sed

363 3281 448 3366 apud
470 3282 608 3348 eundem
635 3284 684 3370 φη
706 3283 749 3364 ῥα
772 3274 1008 3369 χαλεψάμενος
1027 3279 1075 3347 ΠΙ
1095 3286 1165 3350 382.
1206 3283 1254 3368 φῆ
1274 3282 1316 3367 ρα
1337 3272 1536 3364 κασιγνήτης

363 3384 553 3476 πειρωμένη
579 3386 627 3454 ΠΙ
652 3394 722 3458 693.
769 3388 830 3471 (cf.
857 3378 904 3465 δίς
933 3379 985 3473 ἄρ’
1016 3380 1080 3476 ἔφη
1113 3384 1234 3466 πόσιος
1259 3382 1447 3471 πειρωμένη
1474 3384 1534 3451 Od.

362 3498 491 3579 wlssl.)
525 3496 762 3562 Etisfortasso
776 3496 860 3561 hano
878 3497 1066 3562 varietatem
1087 3497 1254 3582 quaesivit.
1291 3494 1354 3574 Qui
1375 3515 1442 3559 non
1457 3514 1535 3558 oon·

363 3607 473 3668 tentus
494 3602 641 3669 formulis
667 3603 847 3671 Homen'oie
873 3605 951 3671 feoit
975 3605 1074 3671 etiam
1095 3606 1146 3692 (γη
1173 3597 1253 3686 ι’ίρα·
1286 3596 1468 3687 Χαλκιόπη
1498 3596 1536 3662 δι’

363 3708 411 3776 ΠΙ
432 3717 502 3780 718.
537 3714 598 3801 φη·
623 3703 641 3776 δ
671 3704 703 3776 δ’
733 3705 789 3796 ἄρ’
814 3703 1042 3796 ἀστραγάλους
1062 3708 1109 3776 ΠΙ
1131 3719 1199 3780 154.
1243 3701 1290 3788 tto
1310 3702 1395 3797 ηόδα
1416 3705 1464 3772 ΠΙ
1485 3713 1534 3774 75.

364 3824 433 3885 564.
454 3825 523 3886 917.
544 3816 593 3884 IV
613 3825 663 3888 99.
686 3825 775 3889 1381).
800 3826 888 3888 1562.
923 3811 1028 3884 ἴσκεν·
1057 3815 1222 3908 έπῄνησαν
1244 3815 1281 3885 δέ
1302 3815 1372 3884 νέοι
1393 3813 1441 3881 ΠΙ
1463 3822 1536 3882 555ε

363 3926 421 3991 σεδ
441 3923 488 3991 ΠΙ
513 3933 572 3994 194
588 3916 636 4004 δίς
656 3919 746 4014 φάτ’·
773 3922 941 4017 έπηνησαν
967 3923 1005 3992 δέ
1026 3923 1107 3992 νέοι.
1148 3921 1241 3992 ἴσκεν
1265 3920 1481 4013 Ἀγηνορίδης
1505 3920 1536 3988 Π

363 4038 435 4103 140.
479 4026 571 4098 ἴσκεν
599 4025 792 4122 ἀπηλεγέως
817 4033 865 4101 ΠΙ
892 4040 965 4113 439;
1002 4039 1035 4100 et
1063 4035 1225 4101 adamavit
1255 4034 1342 4100 istud
1367 4025 1468 4098 ἴσκεν.
1495 4067 1531 4080 -

364 4140 556 4208 Theocritus
577 4177 617 4188 -
639 4143 724 4227 apud
739 4164 836 4227 quem
853 4149 904 4223 25,
918 4148 958 4212 84
976 4132 1055 4230 ἦρα
1077 4141 1134 4208 καὶ
1152 4138 1337 4224 ἐσσυμένως
1356 4137 1436 4206 ποτὶ
1454 4130 1537 4203 σωό-

364 4245 438 4314 λίον
462 4238 531 4329 ἷξον
561 4242 666 4328 ίόντες
691 4250 896 4317 Hermannus
927 4253 962 4317 in
984 4251 1233 4319 Zimmermanni
1259 4250 1429 4316 annalibus
1458 4252 1536 4318 1840

363 4378 395 4440 p.
411 4362 471 4424 975
492 4359 682 4424 mutandum
698 4359 824 4425 oensuit
837 4359 872 4427 in
887 4348 909 4446 ἦ
923 4363 965 4445 ῥα
979 4353 1057 4441 μάλ’
1080 4354 1264 4442 ἐσσυμένως
1285 4354 1324 4423 δέ
1345 4393 1383 4403 -
1405 4361 1537 4443 propter
