3425 4934
337 312 363 368 4,
391 306 433 363 De
449 307 646 378 grammaticis,
662 306 712 377 qui
730 302 898 363 ἐνστατικαὶ
914 311 944 364 et
960 305 1076 363 λυτικοί
1090 307 1160 364 dicti
1176 309 1248 363 sunt.
1317 313 1378 377 203

207 475 284 542 Non
305 475 446 542 concedo
467 473 589 543 Wolfio
612 476 659 560 <p
682 474 824 560 CXCII),
845 476 981 561 ,quibus
1001 476 1207 561 potissimum
1228 475 1261 539 in
1282 475 1379 540 rebus

208 583 386 650 Homerum
414 582 571 648 allatrarit
592 582 714 661 Zoilus,
741 605 856 668 parum
879 585 1052 649 constare.
1097 582 1265 649 Mendacio
1284 580 1378 647 fabu-

212 689 317 755 larum
336 690 372 755 in
394 689 626 755 declamatione
648 690 799 756 adversus
824 694 955 775 poetam
980 690 1159 777 composita
1179 689 1378 755 ludificatum

209 820 278 863 esse
300 820 397 882 supra
417 797 571 863 constitit
609 795 726 875 Qualia
745 820 820 863 vero
841 798 877 863 in
898 819 1014 864 novem
1034 797 1115 863 istos
1128 797 1228 863 libros
1243 817 1379 881 conges-

210 906 288 971 serit
314 903 464 982 ridicula,
489 926 530 969 ne
557 903 620 968 hoc
642 904 771 989 quidem
791 904 881 971 latet.
916 904 1039 969 Partim
1066 904 1153 969 enim
1178 905 1378 982 excitaverat

209 1034 291 1097 quae
320 1012 355 1076 in
384 1011 529 1077 Deorum
558 1010 759 1096 heroumque
790 1013 949 1092 moribus,
985 1012 1103 1096 partim
1134 1033 1216 1097 quae
1244 1013 1279 1077 in
1308 1007 1461 1077 arsetas)

208 1124 339 1205 poetae,
367 1120 485 1204 partim
513 1141 595 1203 quae
625 1118 660 1183 in
687 1119 832 1186 oratione
860 1120 929 1185 eius
950 1119 1037 1204 carpi
1058 1123 1200 1204 possent.
1242 1117 1379 1205 Singula

210 1227 395 1314 fragmenta
414 1226 524 1312 primi,
547 1226 694 1306 secundi,
715 1226 803 1292 tertii
823 1227 951 1312 generis
972 1227 1155 1294 recensebo.
1194 1226 1380 1312 Apollinem

208 1334 411 1420 vituperavit,
433 1334 520 1418 quod
536 1333 659 1398 dicatur
673 1333 801 1420 sagittis
813 1332 919 1399 mulos
933 1334 1073 1419 primurn
1090 1338 1123 1399 et
1137 1355 1233 1400 canes
1247 1334 1378 1399 adortus

208 1464 292 1508 esse:
324 1441 415 1526 quasi
442 1461 517 1506 vero
538 1445 605 1506 tam
625 1439 832 1506 vehementer
852 1441 947 1507 irasci
968 1441 1081 1507 deceat
1097 1440 1217 1520 Deum,
1238 1446 1338 1507 utne
1359 1463 1378 1506 a

207 1549 321 1615 bestiis
345 1549 475 1633 quidem
502 1547 676 1630 abstineat,
699 1545 860 1613 Heraclid.
882 1548 976 1635 alleg.
997 1548 1092 1616 Hom
1114 1571 1139 1616 c.
1164 1557 1211 1617 14.
1253 1546 1291 1613 In
1312 1547 1378 1628 illo,

209 1656 297 1741 quod
313 1655 458 1723 Achilles
476 1654 555 1720 dicit
574 1657 666 1723 1203
689 1649 870 1737 ζωρότερον
894 1651 931 1721 δὲ
951 1651 1095 1739 κέραιρε,
1120 1656 1208 1741 quod
1229 1655 1378 1740 deinceps

208 1765 351 1829 exercuit
363 1762 530 1849 plurimos,
545 1760 677 1827 Pelidae
689 1763 897 1828 bibacitatem
912 1763 1151 1848 perstrinxerat,
1164 1763 1247 1831 Plut.
1256 1766 1378 1848 quaest.

208 1894 299 1937 conv.
324 1870 356 1937 V
380 1878 415 1950 4,
435 1876 464 1937 2.
504 1867 700 1935 immensum
727 1870 871 1936 eiusdem
895 1869 1018 1935 luctum
1042 1870 1188 1955 increpat
1211 1873 1241 1933 Σ
1266 1877 1317 1948 22,
1348 1892 1375 1937 v.
1393 1876 1443 1928 206

207 1977 306 2043 schol
321 2006 362 2028 —-·
376 1978 425 2043 De
447 1981 515 2042 arte
535 1980 651 2061 poetae
671 1977 752 2042 haee
772 1981 856 2055 sunt,
878 1999 960 2062 quae
981 1975 1032 2041 vel
1054 1981 1201 2043 accurate
1221 1999 1379 2063 perpensa

208 2084 399 2150 iniucundas
425 2084 641 2170 ridiculaeque
667 2085 826 2171 imagines
851 2088 927 2150 ants
955 2084 1065 2150 oculos
1092 2085 1301 2165 constituere,
1327 2083 1378 2150 vel

200 2190 277 2255 sine
298 2192 438 2271 ratione,
466 2191 518 2257 vel
539 2191 690 2256 adversus
711 2191 870 2257 rationem
890 2190 966 2257 ficta
986 2213 1056 2258 osse
1073 2193 1264 2277 persuadere
1285 2191 1378 2258 volu-

207 2301 285 2364 erat.
322 2302 357 2361 X
376 2305 438 2367 209
1142 2292 1146 2300 ⁴

373 2403 432 2471 καὶ
451 2400 526 2470 τότε
549 2403 590 2491 δὴ
611 2398 747 2489 χρύσεια
768 2402 882 2493 πατὴρ
905 2397 1047 2470 ἐτίταινε
1066 2396 1224 2492 τάλαντα,

378 2507 414 2578 ἐν
434 2505 468 2577 δ’
493 2507 602 2577 ἐτίθει
622 2506 682 2578 dio
703 2513 785 2598 κῆρε
804 2509 1001 2600 τανηλεγέος
1020 2504 1207 2579 θανάτοισι

208 2617 290 2707 γελᾷ
316 2614 354 2685 δὲ
379 2616 437 2685 τὸν
457 2622 571 2701 μῦθον
598 2614 617 2685 d
638 2617 783 2697 Ζωΐλος·
812 2616 996 2686 παδαπαὶ
1020 2616 1091 2704 γὰρ
1114 2613 1155 2685 αἶ
1175 2623 1319 2704 μοῖραι
1339 2615 1379 2683 ἐν

208 2727 297 2803 ταῖς
317 2718 530 2812 πλάστιγξι
551 2718 826 2815 καθήμεναιῆ
846 2721 1063 2815 ἓστηκαῖαι.
1084 2765 1123 2776 -
1149 2729 1183 2790 Ψ
1204 2734 1262 2797 100

459 2833 547 2923 ψυχὴ
573 2831 610 2899 δὲ
628 2832 713 2900 κατὰ
734 2831 859 2915 χθονὸς
879 2826 959 2920 ἠΰτε
980 2830 1109 2911 καπνὸς

376 2933 477 3028 ᾤχετο
498 2943 664 3027 τετριγυῖα
685 2965 744 3008 -.·

209 3045 341 3127 Ζωΐλος
368 3044 407 3114 δέ
428 3069 529 3137 φησιν
556 3046 608 3115 ὅτι
630 3042 711 3115 ἀλλ’
735 3044 754 3116 ὁ
776 3046 929 3127 καπνὸς
950 3040 1026 3114 dvo
1050 3043 1228 3138 φέρεταιὶ
1248 3086 1290 3097 -
1311 3050 1341 3112 Ε
1359 3057 1378 3117 7

373 3150 467 3224 τοῖόν
488 3150 521 3223 οἱ
541 3160 608 3243 πῦρ
631 3156 722 3223 δαῖεν
744 3149 814 3223 ἀπὸ
837 3156 957 3241 κρατός
975 3178 1012 3221 τε
1032 3152 1091 3222 καὶ
1111 3147 1229 3239 ιῖἴμωνε

208 3261 341 3341 Ζωΐλος
366 3256 558 3353 ὁἘφέσιας
581 3267 758 3352 κατηγορεῖ
780 3268 842 3330 τοῦ
866 3257 973 3331 τόπου
993 3259 1111 3331 τούτου
1132 3260 1190 3330 καὶ
1209 3259 1379 3353 μέμφεται

208 3373 256 3456 τῷ
276 3374 400 3462 ποιητῇ
422 3367 475 3437 ὅτι
495 3369 571 3437 λίαν
592 3366 731 3457 γελοίως
750 3367 935 3461 πεποίηκεν
954 3368 992 3438 ἐκ
1011 3375 1078 3437 τῶν
1099 3363 1198 3455 ὤμων
1218 3373 1279 3438 τοῦ
1297 3373 1379 3436 Δια·

208 3473 338 3565 μήόους
358 3478 536 3561 καιόμενον
557 3482 638 3565 πῦρ·
671 3470 876 3545 ἐκινδύνευσε
904 3477 966 3565 γὰρ
995 3472 1036 3544 ἂν
1063 3467 1378 3567 καταφλεχθῆναιὸ

208 3580 306 3672 ἥρως.
340 3585 393 3653 Sic
416 3588 559 3673 argutari
577 3588 698 3654 licebat
717 3588 752 3652 in
774 3609 813 3653 eo
835 3609 937 3668 versu,
960 3609 1056 3672 quem
1076 3588 1212 3653 idoneus
1232 3584 1378 3671 profecto

210 3691 305 3758 index
326 3692 486 3781 Virgilius
506 3716 603 3780 supra
623 3695 755 3760 modum
781 3694 956 3761 admiratus
983 3698 1016 3760 et
1035 3695 1212 3761 identidem
1233 3693 1379 3758 imitatus

211 3820 281 3866 esse
304 3800 428 3867 dicitur.
462 3800 603 3868 Macrob.
626 3801 691 3868 Sat
713 3800 745 3867 V
769 3805 815 3869 13.
838 3838 879 3848 -
901 3800 978 3867 Sine
997 3802 1123 3867 ratione
1144 3801 1255 3866 fictum
1275 3800 1381 3865 visum

208 4022 340 4081 ditarent.
374 4024 450 4083 Serv.
472 4024 509 4079 ad
526 4024 595 4080 Aen
613 4024 654 4080 111
670 4030 733 4081 636:
762 4024 832 4090 „Hic
850 4023 1061 4096 (Polyphemus)
1082 4022 1126 4078 vir
1151 4022 1381 4094 prudentissimus

208 4107 275 4171 luit,
300 4110 330 4163 et
346 4108 382 4163 ob
400 4108 454 4164 hoc
471 4107 583 4163 oculum
602 4109 633 4163 in
651 4108 744 4180 capite
761 4106 891 4163 habuisse
908 4106 1025 4172 dicitnr,
1047 4108 1066 4162 i.
1084 4125 1107 4163 e.
1132 4107 1212 4164 iuxta
1228 4107 1380 4170 cerebrum,

209 4191 276 4260 qnia
297 4192 448 4262 prudentia
470 4193 534 4263 plns
555 4192 678 4248 videbat
708 4209 806 4247 verum
822 4190 917 4247 Ulixes
940 4208 1004 4247 enm
1021 4192 1174 4262 prudentia
1190 4190 1334 4263 superavit
1352 4195 1381 4246 et

209 4274 245 4329 ob
262 4275 316 4330 hoc
339 4292 403 4330 eum
425 4293 551 4333 coeoaaee
568 4275 710 4347 ungiturr‘
743 4275 838 4346 Longe
860 4274 944 4331 aliter
960 4274 1147 4332 Aristamhus:
1174 4275 1231 4331 vid.
1251 4275 1380 4346 Apollon.

209 4358 261 4414 lex.
279 4358 361 4418 Hom.
377 4376 399 4415 a
418 4358 595 4429 ἀθεμίστων.
622 4358 714 4434 Supra
729 4377 757 4434 p.
777 4365 834 4419 181.
