3425 4934
299 303 341 358 Do
359 301 565 358 commentariis
582 300 699 374 Apionis
716 304 746 357 ελ
761 298 898 356 Herodoti
915 299 1027 358 nomino
1045 301 1193 373 inscriptis.
1269 308 1330 371 365

240 470 331 537 Eunt
350 475 381 535 B
403 478 462 540 765
484 495 513 558 p.
535 477 605 551 341,
628 480 643 540 1
923 470 1042 537 Herod.
1066 473 1096 533 Β
1117 476 1178 539 765
1347 481 1394 533 371

161 572 194 641 οὶ
223 573 338 659 μέντοι
368 575 433 665 πρὸ
461 571 577 663 ὀλίγου
605 574 725 667 ῥηθέν·
767 570 908 655 clocas:
928 570 974 656 ῶς
989 568 1190 663 Διομήδεος.
1212 570 1332 641 ἔστιδὲ

159 706 213 761 τες
233 683 457 769 γραμματικοὶ
476 688 596 773 (Apion
611 690 644 753 et
657 686 725 752 Ηε-
767 683 824 750 καὶ
839 681 897 751 ἐπὶ
910 680 1029 751 τούτου
1041 688 1099 750 τοῦ
1108 685 1333 771 σχηματισμοῦ

159 794 307 878 rodomo)
342 786 535 882 ἀπηλεγέως
568 789 725 879 κατακρί-
766 786 962 879 παράλογος
998 786 1016 858 ό
1046 791 1153 868 τόνος·
1190 787 1233 855 τό
1269 787 1331 874 γὰρ

160 922 252 966 νυυσι
270 899 309 966 τὸ
325 895 453 980 οἷίτεας
468 895 512 979 ὡς
524 896 725 986 παραλόγως
765 897 859 986 παρὰ
880 898 922 965 τὰ
942 893 989 979 εἷς
1011 923 1049 979 σς
1068 895 1212 987 λήγοντα
1235 891 1273 965 ού
1297 899 1331 983 (ί.

159 1003 495 1093 προπαροξυνόμενον
508 1007 658 1095 λέγοντες
672 1005 725 1076 ότι
767 1002 938 1094 οὐδέτερα)
965 1002 1151 1089 δισύλλαβα
1176 1002 1332 1071 συντιθέ-

158 1115 201 1181 τὰ
219 1110 266 1194 εἶς
288 1140 325 1195 ος
346 1109 504 1201 οὐδέτερα
523 1112 721 1201 δισύλλαβα,
764 1139 848 1200 μενα
863 1109 911 1194 εἰς
923 1138 963 1202 ης
984 1110 1127 1203 λήγοντα
1150 1110 1332 1180 ἐπιθετικὰ

159 1226 324 1290 ποιοῦντα
359 1220 540 1290 δπιθετικδι
579 1219 724 1290 σύνθετα
765 1221 812 1312 μή
846 1217 962 1304 ἔχοντα
995 1220 1034 1290 τό
1065 1247 1086 1310 η
1118 1220 1186 1306 πρδ
1217 1217 1332 1299 τέλους

160 1325 208 1409 εἶς
232 1354 273 1419 ης
299 1324 458 1418 λήγοντα,
488 1329 524 1399 δν
551 1325 644 1421 ὀξείᾳ
664 1326 724 1397 τό·
765 1326 876 1396 πάντα
903 1323 1068 1410 ὀξύνεται,
1100 1322 1247 1416 εὐγενής,
1277 1321 1331 1394 εύ-

158 1460 211 1503 σει
232 1432 362 1520 ἔχουσιν
387 1432 485 1505 αύτύ·
514 1437 609 1525 γένος
633 1433 724 1525 εόγε-
765 1433 881 1527 κλεής,
906 1430 1045 1525 εύειδής.
1086 1433 1191 1515 οότως
1217 1433 1333 1502 δὲκαὶ

158 1540 227 1633 νής,
251 1544 349 1625 κλέος
369 1540 515 1634 εόκλεής,
538 1543 650 1626 θύλος
670 1540 724 1614 εύ-
766 1540 921 1635 εύτειχής.
942 1543 1040 1633 ίχρήν
1052 1541 1114 1628 μὲν
1134 1535 1192 1611 σύν
1212 1542 1270 1611 καὶ
1290 1542 1331 1609 τὰ

159 1649 279 1741 θαλής.
323 1652 420 1744 δχρήν
446 1647 517 1736 οὖν,
544 1650 644 1744 φασί,
667 1653 725 1722 καὶ
765 1651 860 1741 παρὰ
889 1652 927 1722 τδ
954 1647 1028 1731 ἔτος
1047 1648 1087 1718 τὸ
1107 1645 1188 1718 αὐτὸ
1210 1645 1333 1719 όναδί·

158 1760 236 1847 περὶ
262 1759 300 1829 τὸ
329 1757 402 1841 ἔτος
429 1756 529 1831 ταύτό
558 1759 722 1849 γίνεσθαι.
763 1765 904 1845 χεσθαι,
934 1759 1004 1828 νυνὶ
1030 1758 1067 1827 δὲ
1087 1757 1172 1825 κατὰ
1193 1763 1332 1846 βαρεῖαν

158 1862 423 1954 ἀναγινώσκουσι
436 1867 474 1937 δὲ
487 1869 545 1937 καὶ
564 1871 602 1941 τό
625 1864 721 1953 ἑξέτε’
763 1867 860 1937 τύσιν
872 1863 1165 1955 ἀναγινώσκουσιν,
1183 1860 1255 1933 ἀλλ’
1274 1860 1331 1932 ού-

158 1970 308 2067 όδμήτήν
325 1980 379 2066 (Ψ
391 1981 468 2066 266)
490 1973 724 2066 παροξυτόνως
765 1977 803 2046 δὲ
815 1982 913 2046 τοῦτο
928 1973 1034 2044 πόλιν
1049 1976 1245 2054 καθολικῶς
1264 1969 1331 2041 σώ-

158 2081 267 2167 ίξετία
289 2081 334 2165 ῶς
355 2079 501 2170 εόσεβία.
766 2088 884 2169 ζοντες,
901 2082 1011 2168 ἑξετέα
1019 2083 1080 2171 γὰρ
1092 2075 1332 2171 ἀδμήτήνόνα·

765 2192 984 2282 γινώσκουσιν
1005 2189 1051 2271 ώς
1071 2185 1220 2277 εύσεβέα.

232 2412 325 2480 Eunt.
347 2417 368 2476 I
385 2421 446 2482 516
466 2438 497 2501 p.
518 2420 588 2496 769,
609 2422 649 2484 25
931 2411 1050 2477 Herod.
1071 2414 1092 2473 I
1111 2415 1173 2479 516

157 2516 340 2607 κατ’·φασιν
353 2513 482 2586 Ἀπίων
503 2515 723 2607 καὶἩρόδω-
766 2516 863 2606 ίγρήν
884 2517 936 2604 δέ,
958 2511 988 2583 εἰ
1008 2515 1103 2601 παρὰ
1124 2514 1163 2583 τό
1186 2507 1332 2602 ζύφελος

157 2649 216 2713 ρος
241 2622 294 2694 δτι
319 2624 357 2694 τὸ
382 2622 527 2719 ζύφελος
546 2653 724 2716 προπαρο-
765 2623 889 2711 γέγονε,
910 2623 967 2692 καὶ
982 2621 1136 2714 ζαφέλως
1151 2615 1244 2710 ἡμᾶς
1257 2614 1331 2687 όντ-

158 2727 286 2815 ξύνεται
313 2729 401 2823 λόγῳ
427 2731 582 2825 τοιούτῳ·
614 2736 654 2805 τὰ
676 2733 724 2819 εἰς
765 2731 926 2821 γνωκίναι
940 2723 1163 2818 βαρυτόνωςή
1173 2728 1231 2795 καὶ
1246 2726 1332 2795 ἐκεῖ·

158 2865 196 2920 ος
216 2840 361 2932 λήγοντα
385 2842 479 2931 παρὰ
504 2843 542 2913 τὸ
573 2847 613 2926 ζα
638 2871 723 2934 προ·
765 2866 803 2909 νο
825 2834 895 2908 κατ’
919 2834 994 2922 ὀξύν
1015 2835 1254 2927 προφέρεσθαι
1273 2831 1331 2905 τό·

157 2946 411 3038 παροξύνονται,
426 2949 720 3036 ζύθεος,ζόκοτος.
764 2974 830 3020 νον.
868 2943 957 3015 όλλὰ
977 2942 1109 3035 μήποτε
1129 2943 1168 3012 τὸ
1189 2942 1250 3028 μὲν
1272 2939 1330 3025 ζύ-

155 3057 194 3124 τό
232 3056 270 3125 δὲ
309 3057 461 3149 ζαφελῶς
501 3066 719 3150 περισπῶται,
764 3056 869 3149 φελος
912 3048 1202 3143 προπαροξύνεται
1243 3051 1331 3140 λόγῳ

157 3162 233 3232 ἐπεὶ
261 3165 303 3233 τὰ
337 3163 385 3247 εἰς
416 3170 482 3250 λως
510 3166 721 3259 ἐπιρρήματα
762 3161 915 3253 τοιούτῳ,
939 3159 1040 3243 ώςτόι
1062 3156 1110 3241 εἷς
1131 3184 1169 3240 ος
1187 3154 1331 3249 λήγοντα

155 3270 417 3364 παραλήγόμενα
448 3281 497 3365 τῷ
531 3302 548 3344 ε
585 3273 631 3359 ῶς
665 3276 723 3346 όπὶ
763 3268 959 3359 συγκείμενα
990 3269 1084 3356 παρὰ
1111 3268 1150 3336 τδ
1178 3267 1218 3350 ζα
1245 3289 1331 3354 προ-

154 3382 313 3451 πλεῖστον
347 3385 442 3474 φιλεῖ
472 3390 720 3470 περισπᾶσθαι,
763 3376 995 3465 παροξύνεται,
1020 3372 1154 3461 ζόθευς,
1177 3370 1413 3461 ζύκοτος·(εεσ)

157 3479 231 3556 οἷον
243 3486 390 3574 εότελῶς,
408 3491 586 3579 ἐπιμελῶς,
604 3483 655 3573 οἷς
665 3491 723 3560 καὶ
764 3485 869 3568 σότως
888 3484 1040 3579 ζύφελος.
1061 3484 1100 3555 τὸ
1124 3481 1162 3551 δὲ
1181 3482 1333 3572 ζαφελῶς

153 3595 195 3665 τὸ
219 3596 371 3690 ζαφελῶς
391 3599 618 3689 συνεξέδραμε.
764 3599 987 3683 περισπᾶται,
1019 3593 1095 3662 ἐπεὶ
1121 3590 1163 3658 τὰ
1189 3588 1248 3657 διὰ
1271 3593 1332 3656 το”

764 3704 830 3784 λαις
845 3702 1055 3794 ἐπιρρήματα
1068 3694 1331 3787 παραληγόμενα

763 3815 811 3900 τῶ
830 3836 847 3879 ε
868 3808 914 3892 ὡς
934 3810 992 3879 ἐπὶ
1011 3810 1050 3879 τό
1065 3810 1223 3876 πλεῖστον
1238 3807 1333 3895 φιλεῖ

763 3924 1011 4007 περισπᾶσθαι,
1035 3915 1190 3997 ἐντελῶς,
1214 3912 1331 3999 ἐπιμε-

764 4026 842 4109 λῶς,
872 4017 924 4108 οίς
948 4023 1064 4094 καὶτὸ
1084 4024 1237 4115 ζαφελῶς
1258 4044 1331 4089 συν-

764 4132 932 4223 εξέδραμε.
980 4127 1178 4222 πρόσκειται
1203 4124 1249 4209 ῶς
1274 4126 1332 4196 ἐπὶ

763 4241 802 4311 τό
832 4244 989 4311 πλεῖστον
1020 4240 1077 4308 διὰ
1103 4239 1142 4307 τό
1168 4233 1327 4326 εότραπό·
1347 4262 1395 4313 372

765 4350 841 4430 λως,
864 4347 990 4430 ῑκόλως.
