3425 4934
378 297 445 359 18ss¹
556 290 605 345 Ill.
626 290 667 347 De
686 291 841 348 Aristarchi
857 292 976 348 scientia
993 293 1171 365 antiquitatis
1187 293 1358 373 Homericae.

309 470 356 523 188
839 460 1081 528 Protesilaus

372 630 439 674 non
465 610 506 675 ab
531 609 673 678 Hectore
704 613 836 679 occisus.
886 609 971 679 Nem
1000 605 1176 695 Δάρδανος
1201 607 1281 703 ἀνήρ
1309 613 1352 697 (Β
1377 618 1450 699 701)
1475 638 1541 683 non

373 717 451 783 urbe
466 716 563 784 Troia
577 720 731 787 oriundus
747 725 796 788 est
814 744 853 788 ex
873 744 935 788 usu
949 720 1132 789 Homerico.
1162 726 1199 788 B
1214 730 1274 794 819
1296 724 1333 791 cl
1356 746 1438 809 quae
1458 724 1542 790 infra

371 825 406 890 in
428 826 658 914 Geographicis
679 829 813 896 collecta
834 834 912 896 sunt
932 853 956 896 s.
979 830 1153 898 Dardania.

843 1036 1068 1045 --.-.-..-.....

797 1163 954 1230 Rhodus
974 1164 1111 1231 insula

452 1311 577 1380 Fabula
604 1314 643 1380 de
664 1315 772 1400 pluvia
791 1315 994 1382 Rhodiorum
1013 1318 1089 1383 ficta
1109 1340 1129 1384 e
1149 1316 1392 1385 recentioribus.
1430 1320 1458 1381 Β
1479 1325 1539 1388 670

368 1417 491 1504 τριχθὰ
519 1417 556 1487 de*
584 1413 718 1508 η’ίκηδεν
743 1422 981 1513 καταφυλαδδν
1009 1416 1071 1511 ἠδὲ
1097 1418 1244 1513 φίληθεν
1272 1420 1310 1490 ἐκ
1336 1419 1436 1506 Διός,
1465 1420 1540 1492 ὅστε

367 1529 482 1594 θεοῖσι
503 1525 560 1596 καί
581 1521 817 1614 οίνδροίιιοισιν
840 1524 990 1611 ἀνάσσει,

505 1631 565 1702 καί
585 1658 667 1726 σφιν
687 1633 874 1704 θεσπέσιον
894 1638 1041 1707 πλοῦτον
1062 1635 1214 1722 κατίχευε
1236 1632 1403 1723 Κρονίωνι

369 1735 402 1829 (ἡ
427 1741 546 1830 διπλῆ)
572 1738 626 1811 ὅτι
646 1739 819 1829 Πίνδαρος
843 1747 908 1831 (01.
929 1747 992 1816 VH
1016 1751 1071 1832 sc.)
1098 1741 1218 1833 κυρίως
1244 1743 1398 1814 δέδεκται
1421 1740 1539 1830 χρυσὸν

367 1839 446 1917 ὗσαι
464 1848 523 1918 τὸν
542 1847 623 1931 Δία,
642 1845 791 1941 Ὁμήρου
810 1860 988 1946 μεταφορᾷ
1008 1853 1206 1945 κεχρημένου
1229 1853 1287 1922 διὰ
1308 1856 1367 1921 τοῦ
1386 1848 1539 1933 κατέχευε

284 1965 356 2033 (189)
370 1956 455 2047 πρὸς
474 1953 622 2050 ἔμφασιν
644 1964 705 2028 τοῦ
725 1957 881 2031 πλούτου.
925 1964 1018 2032 Hanc
1041 1966 1241 2052 disciplinam
1262 1967 1391 2031 secutus
1413 1962 1540 2042 Strabo,

367 2090 407 2135 ex
427 2068 641 2155 Apollodoro,
663 2071 791 2157 opinor,
824 2094 968 2154 sumens,
991 2072 1068 2140 XIV
1094 2097 1125 2160 p.
1148 2079 1222 2142 654:
1254 2065 1344 2138 ἔοικε
1371 2066 1408 2136 δὲ
1435 2065 1492 2134 καί
1519 2063 1538 2134 ὁ

367 2174 511 2264 ποιητὴς
529 2179 706 2261 μαρτυρεῖν
725 2174 786 2264 τὴν
812 2175 849 2246 ἐκ
871 2178 1020 2248 παλαιοῦ
1040 2182 1212 2266 παροῦσαν
1230 2180 1302 2258 τοῖς
1316 2171 1465 2255 Ῥοδίοις
1485 2168 1541 2243 εί·

368 2282 547 2369 δαιμονίαν
571 2278 675 2363 είδίις
700 2279 770 2352 dno
794 2289 855 2373 τῆς
876 2285 1008 2376 πρώτης
1033 2282 1169 2367 κτίσεως
1188 2290 1254 2354 τῶν
1273 2289 1375 2373 τριῶν
1397 2280 1538 2352 πόλεων.

366 2392 451 2459 Tum
473 2394 608 2479 apponit
628 2393 703 2461 illos
724 2399 790 2461 tres
809 2418 929 2466 versus.
964 2397 1090 2464 Deinde
1110 2397 1230 2484 pergit:
1253 2388 1286 2462 oi
1308 2389 1338 2460 δ’
1362 2387 1410 2472 είς
1428 2396 1541 2477 μῦθον

367 2493 533 2588 ἀνήγαγον
550 2500 589 2567 τὸ
609 2495 692 2581 ἔντος
712 2501 770 2569 καί
788 2502 909 2587 χρυσὸν
928 2496 1079 2593 δοθῆναί
1099 2526 1203 2593 φασιν
1224 2499 1259 2569 δν
1279 2506 1320 2592 τῇ
1343 2496 1432 2590 κη’σφ
1454 2497 1539 2567 κατὰ

365 2710 544 2801 Πίνδαρος.
591 2717 681 2785 Idem
712 2720 753 2785 ad
777 2718 953 2787 Pindarum
980 2721 1029 2788 01.
1055 2719 1118 2787 VH
1141 2726 1181 2789 62
1211 2712 1310 2803 (ἔνθα
1336 2715 1419 2785 ποτὲ
1443 2713 1540 2802 βρέχε

366 2828 458 2891 θεῶν
478 2822 635 2909 βασιλεὺς
661 2819 679 2893 ὁ
707 2823 811 2912 μέγας
833 2831 968 2913 χρυσαῖς
996 2823 1175 2916 νιφάδεσσι
1202 2821 1315 2911 πόλιν)
1342 2825 1539 2894 Aristarchei

367 2938 573 3017 notaverant,
600 2934 686 3001 unde
711 2934 774 3001 hoc
799 2935 893 3001 fluxit
919 2935 1079 3006 scholion:
1115 2937 1211 3001 τοῦτο
1244 2932 1281 3000 ἐκ
1304 2936 1370 2998 τῶν
1391 2928 1538 3020 Ὁμήρου

368 3034 530 3129 ὁρμηθείς
551 3039 655 3129 λέγει,
687 3038 741 3109 ὅτι
761 3038 845 3120 Ζεὺς
868 3040 988 3124 χρυσὸν
1017 3036 1130 3128 ἔβρεξε
1158 3046 1230 3121 τοῖς
1247 3037 1393 3120 Ῥοδίοις
1421 3038 1538 3107 διὰτὸ

366 3145 424 3216 τὸν
444 3148 589 3238 ποιητὴν
609 3146 776 3240 εἰρηκέναι
796 3146 855 3216 καί
873 3172 954 3241 σφιν
974 3153 1011 3216 β.
1033 3156 1093 3219 cet.
1117 3144 1177 3218 oda
1203 3142 1374 3239 εἰρηκότος
1390 3141 1539 3238 Ὁμήρου

367 3251 420 3323 ὅτι
441 3249 459 3322 ὁ
483 3255 570 3335 Ζεδς
590 3252 701 3345 ἔβρεξε
721 3255 855 3346 χρυσόν,
880 3252 967 3325 ἀλλὰ
989 3255 1207 3348 περιεποίησε
1226 3253 1329 3347 χύδην
1349 3253 1462 3336 αὐτοῖς
1481 3255 1540 3324 τὸν

367 3363 522 3434 πλοῦτον.
558 3365 623 3433 Sed
637 3369 725 3452 quod
738 3368 859 3435 ibidem
873 3370 907 3434 in
923 3368 1024 3434 altero
1046 3367 1170 3434 scholio
1187 3372 1250 3435 est:
1269 3368 1367 3433 τοῦτο
1387 3358 1540 3451 ἄντικρυς

367 3469 410 3539 dx
428 3476 497 3540 τοῦ
518 3466 790 3559 οίδετουμὲνου
802 3470 1015 3562 Ὁμηρικοῦ
1035 3470 1167 3557 στίχου
1183 3468 1319 3563 εἴληφεν
1334 3466 1353 3542 ὅ
1368 3468 1541 3557 Πίνδαρος

367 3576 427 3648 καί
447 3604 528 3671 σφιν
549 3623 591 3632 -
611 3585 674 3652 hoc
694 3585 838 3651 videmus
860 3606 927 3651 non
948 3584 1190 3651 Aristarcheum
1212 3607 1290 3653 esse.
1326 3583 1389 3663 Qui
1412 3607 1540 3651 versum

367 3714 426 3779 pro
448 3693 558 3778 spurio
580 3692 744 3760 hebebant
771 3715 837 3758 non
865 3693 1046 3779 putaverim
1076 3716 1114 3758 ea
1143 3715 1239 3759 causa
1260 3695 1440 3759 commotos
1462 3716 1540 3770 esse,

368 3822 450 3885 quae
464 3800 609 3867 Hefftero
632 3801 771 3867 occurrit
785 3801 942 3884 (Gotterd.
957 3801 1016 3866 anf
1024 3800 1129 3867 Rhod.
1145 3799 1176 3865 ΙΙ
1190 3824 1221 3886 p.
1237 3804 1299 3885 28),
1321 3801 1376 3885 qui
1399 3805 1540 3866 ceterum

369 3907 450 3975 bene
473 3929 547 3973 eum
568 3907 728 3986 defendit,
757 3908 814 3975 sed
840 3908 978 3974 maxime
1006 3908 1051 3989 (id
1072 3909 1276 3994 quodetiam
1297 3906 1454 3974 Wolfium
1473 3907 1541 3975 for-

369 4018 454 4080 tasse
467 4015 570 4081 movit
583 4019 621 4081 ut
635 4037 709 4082 eum
723 4016 814 4083 uncis
835 4015 1028 4100 includeret)
1049 4017 1222 4102 repetitum
1243 4016 1433 4097 subiectum,
1453 4017 1541 4102 quod

368 4126 477 4189 tamen
498 4121 642 4190 Homero
664 4123 819 4189 familiare
841 4126 900 4189 est.

303 4246 352 4299 189
452 4229 602 4298 Ceterum
616 4235 650 4297 et
670 4232 738 4316 ipse
761 4232 885 4316 opinor,
905 4233 933 4298 si
947 4232 1107 4298 Homerus
1121 4231 1264 4317 pluviam
1283 4255 1412 4298 auream
1435 4232 1540 4300 dicere

368 4336 533 4418 voluisset,
553 4360 620 4404 non
643 4340 734 4425 quasi
755 4361 813 4425 per
833 4338 999 4405 involucra
1019 4338 1162 4405 fabulam
1183 4340 1386 4414 ostendisset.

852 4480 1016 4488 -m---u
1034 4479 1071 4494 *a
