3425 4934
619 314 641 365 1.
662 308 703 364 De
720 308 890 366 accentibus.
1274 312 1334 374 255

168 470 220 554 λίς
240 469 259 542 ὁ
282 472 367 542 λέων
386 471 553 562 περιέσπα
575 472 633 540 ἐπὶ
654 480 713 542 τοῦ
732 472 868 553 λέοντος
887 471 970 559 πρὸς
991 469 1172 560 διαστολὴν
1185 475 1244 536 τοῦ
1259 468 1335 536 ε’πι-

168 586 323 648 θετικοό·
354 575 426 648 ἀλλ’
454 578 475 670 ἡ
507 576 710 666 παράδοσις,
740 577 839 674 φασί,
871 584 919 668 τῷ
943 575 1144 666 Ἀριστάρχῳ
1169 574 1336 644 πείθεται.

167 691 288 758 Herod.
318 693 358 757 ad
379 694 419 756 A
446 696 507 760 239
535 684 552 756 ό
579 688 641 775 μὲν
662 684 888 776 Ἀρίσταρχος
910 682 1034 769 όξόνει,
1066 682 1145 753 tte*
1165 679 1337 769 Αἰσχρίων

168 802 327 885 περισπᾷ.
354 792 400 876 ὡς
420 796 482 883 γὰρ
504 796 598 883 παρὰ
617 797 656 865 τὸ
676 802 740 882 μῦς
757 802 831 882 μῦν,
855 792 947 887 φησί,
964 793 1022 862 καὶ
1036 798 1112 872 νοῦς
1127 797 1213 871 νοῦν,
1235 791 1338 871 οἱίιως

169 904 226 970 καί
250 904 302 983 λῖς
327 903 390 970 λῖν·
418 902 503 985 ,μίπί
525 928 561 972 τε
583 905 635 971 λῖν
656 900 761 993 ἤγαγε
782 901 938 989 δαίμων(
960 905 1062 991 <480>.
1104 901 1161 968 καί
1182 905 1255 987 (ina.
1278 898 1338 967 οὐκ

169 1015 274 1100 <quod
295 1019 408 1100 postea
422 1014 633 1100 reprobavit»
656 1007 727 1080 ἔστι
748 1008 1060 1100 συγκατατίθεσθαι
1078 1013 1127 1097 τῷ
1139 1004 1336 1093 Αἰσχρίωνι,

170 1116 223 1188 ότι
252 1120 383 1206 μᾶλλον
415 1115 548 1210 ὀφείλει
576 1125 832 1208 περισπᾶσθαι,
870 1116 899 1186 εἰ
925 1118 983 1187 καί
1011 1115 1115 1207 μηδὲν
1143 1120 1208 1182 τῶν
1234 1110 1282 1195 είς
1308 1140 1339 1194 ις

170 1223 334 1316 θηγόντων
368 1228 426 1296 καί
458 1224 630 1315 ἀρσενικὸν
664 1227 758 1316 γένος
791 1225 1059 1314 ὑπισχνουμένων
1094 1220 1341 1312 περιεοποίσθιγ.

171 1334 228 1401 καί
251 1332 335 1417 τάχα
360 1330 440 1403 καθ’
465 1333 576 1421 ἕτερον
597 1331 698 1424 λόγον
705 1386 714 1417 ,
743 1338 798 1403 ίνα
823 1335 862 1405 τὸ
885 1334 1082 1405 ίπιθετικὸν
1103 1331 1162 1400 καί
1181 1334 1340 1422 σημαῖνον

171 1440 265 1529 γένος
277 1444 426 1532 θηλυκὸν
441 1443 498 1512 καί
512 1439 708 1530 όξυνόμενον
723 1439 894 1535 ἇποφόγῃ,
911 1442 996 1530 λέγω
1012 1440 1050 1510 dd
1062 1442 1101 1509 τὸ
1111 1438 1339 1528 ,,λι“ςπέτρη“·

170 1555 218 1639 τῷ
237 1548 353 1635 μέντοι
371 1557 553 1640 χαρακτῆρι
572 1557 632 1620 τοῦ
653 1551 705 1632 κίς
727 1552 783 1620 καὶ
805 1555 877 1637 (ius.
897 1557 945 1640 τῷ
966 1555 1050 1640 <ipse
1069 1557 1183 1639 postea
1200 1550 1339 1636 reiecit>)

172 1656 232 1738 θίς
247 1659 305 1727 καί
324 1658 384 1747 ῥίς,
405 1658 518 1727 καίτοι
540 1683 576 1747 γε
597 1657 770 1748 διαφόρως
789 1662 939 1728 κλιθεῖσι
960 1660 1046 1748 πρὸς
1064 1658 1103 1728 τὸ
1122 1654 1184 1737 λίς,
1201 1659 1296 1738 συνεξ
1323 1695 1339 1706 -

171 1764 316 1852 μοίωυεν
341 1762 422 1835 αὐτὸ
449 1767 534 1834 κατὰ
560 1762 658 1836 τόνον
682 1762 952 1857 όἈρίσταρχος.
994 1765 1050 1835 καί
1072 1763 1175 1844 οὕτως
1195 1760 1339 1852 ἐπείσθη

173 1871 195 1964 ἡ
219 1871 415 1962 παράδοσις.
459 1878 519 1961 (cf.
540 1878 654 1946 Arcad
679 1883 745 1959 193,
769 1887 795 1950 1.
819 1885 891 1960 125,
915 1888 940 1946 1.
962 1900 1033 1961 περ.
1053 1898 1127 1960 μον.
1149 1874 1179 1940 λ.
1203 1882 1241 1944 19
1262 1873 1340 1961 <ho-

174 1986 265 2052 beck.
288 1986 473 2072 paralipom.
494 2009 525 2072 p.
548 1988 626 2073 85).)

255 2095 306 2161 De
326 2096 506 2161 accusativo
527 2092 581 2158 λιν
607 2095 688 2162 falso
716 2096 871 2162 traditum
896 2095 936 2160 ab
957 2093 1131 2161 Eustathio
1154 2114 1186 2178 p.
1207 2098 1278 2171 857,
1300 2098 1340 2160 37

173 2200 211 2270 τὸ
234 2199 272 2267 δὲ
293 2202 344 2267 λῖν
366 2197 398 2268 oi
418 2199 479 2285 μὲν
499 2200 578 2288 περὶ
587 2195 802 2288 Ἀρίσταρχον
823 2196 994 2283 ὀξύνουσιν
1015 2196 1061 2279 ὡς
1074 2198 1132 2266 καί
1147 2198 1209 2287 τὴν
1222 2193 1341 2286 ὀρθήν.

172 2304 239 2398 ἤδη
260 2308 323 2395 γὰρ
346 2302 533 2398 δεδήλωται
554 2305 666 2376 ὅτιτὸ
689 2306 741 2389 λίς
761 2304 900 2392 ὠξόνετο
922 2303 1000 2395 παρ’
1024 2303 1145 2387 αὐτοῖς.
1177 2302 1285 2395 ἕτεροι
1304 2305 1341 2373 δὲ

173 2421 374 2503 περισπῶσι,
397 2414 623 2503 κανονίζοντες
644 2413 688 2497 ὥς
706 2421 800 2485 πᾶσα
816 2413 982 2505 ottanum}
998 2416 1248 2501 μονοσύλλαβος
1262 2410 1310 2495 εἷς
1322 2441 1340 2481 ν
1351 2419 1422 2491 (267)

173 2523 320 2615 λήγουσα
338 2529 555 2611 περισπᾶται,
575 2529 670 2610 μνᾶν,
694 2526 779 2611 όρῦν,
799 2530 874 2611 μῦν,
890 2526 989 2605 κλεῖν,
1006 2521 1119 2593 καίτοι
1130 2527 1192 2612 τῆς
1204 2518 1342 2604 εὐθείας

172 2629 289 2701 τούτου
311 2626 521 2722 ὀξυνομίνης
550 2627 701 2716 ὀξύνεται
728 2633 789 2720 γὰρ
811 2630 832 2723 ἡ
856 2630 956 2713 κλείς.
997 2633 1068 2701 Νεο
1087 2634 1155 2700 ulla
1175 2656 1271 2700 causa
1292 2638 1342 2701 est

173 2766 230 2811 our
243 2743 464 2810 Aristarchum
485 2743 675 2809 mirabiliter
695 2768 714 2810 a
735 2766 770 2810 se
790 2744 896 2830 ipsum
919 2744 1088 2810 descivisse
1102 2746 1262 2829 putemus,
1282 2764 1341 2807 nec

173 2853 343 2938 quisquam
375 2855 541 2935 praeterea
569 2855 639 2917 tum
670 2851 910 2918 memorabilem
948 2851 1169 2936 exceptionem
1201 2872 1342 2916 comme·

171 2940 320 3033 moravit,
346 2959 412 3025 imo
433 2959 576 3044 undique
597 2963 687 3044 patet
709 2982 821 3025 omnes
844 2961 1046 3026 consensisse
1068 2960 1102 3023 in
1123 2963 1257 3025 accentu
1278 2956 1339 3035 λῖν,

173 3067 317 3133 omnium
343 3067 474 3133 minime
504 3089 580 3133 vero
607 3089 681 3133 eum
713 3067 878 3152 scripsisse
904 3061 971 3146 λίν,
996 3068 1086 3132 cuius
1118 3067 1342 3132 auctoritatem

173 3197 232 3240 nec
253 3175 368 3261 reliqui
389 3174 603 3261 neglexerunt
624 3179 657 3240 et
680 3174 884 3240 Herodianus
905 3197 1075 3261 nusquam.
1106 3173 1147 3240 V.
1169 3173 1342 3239 Herodian.

173 3285 215 3349 ad
234 3288 274 3347 A
294 3287 365 3352 480.
405 3283 686 3362 Aroad.130,17.
727 3280 1093 3352 Theodos.can.1004.
1129 3281 1342 3348 Choerobosc.

176 3395 256 3460 1230
273 3397 349 3470 (421
373 3390 464 3477 ou).
490 3390 583 3456 Eust.
605 3396 679 3469 775,
704 3397 754 3459 40.
798 3390 922 3457 Taedet
947 3413 1034 3457 nunc
1054 3389 1148 3476 plura
1169 3391 1285 3456 addere
1306 3394 1343 3455 ut

173 3497 337 3563 Eustathii
359 3521 499 3565 errorem
521 3498 721 3581 convincam,
747 3498 835 3583 quod
859 3522 911 3564 me
932 3497 1010 3564 olim
1030 3498 1062 3563 iu
1086 3497 1274 3563 adversariis
1294 3496 1343 3561 fe·

174 3606 256 3672 cisse
273 3605 375 3673 video.
417 3606 478 3671 His
506 3606 685 3692 perpensis,
712 3629 794 3691 quae
823 3606 928 3672 edhuc
949 3608 988 3673 de
1011 3606 1187 3673 Aristarchi
1209 3605 1343 3672 rationi·

173 3714 235 3779 bus
257 3713 419 3798 disputata
441 3718 531 3793 sunt,
553 3714 693 3781 dubitari
713 3736 780 3780 non
800 3719 922 3800 potest,
943 3737 1002 3781 neo
1022 3715 1226 3781 Hermannus
1248 3714 1342 3780 dubi·

174 3821 273 3900 tabit,
303 3823 358 3906 qui
383 3821 462 3888 olim
487 3822 584 3887 fidem
612 3822 727 3888 habuit
751 3821 925 3888 Eustathio
952 3823 992 3888 ad
1014 3822 1091 3892 Eur.
1112 3824 1229 3891 Bacch.
1254 3828 1342 3891 1166.

175 3929 260 3996 Casu
281 3929 396 4006 evenit,
417 3932 455 3995 ut
475 3930 561 3994 unde
582 3930 625 3994 sit
645 3928 809 3996 Eustathii
831 3952 919 3996 error
939 3931 1072 3997 iudicari
1093 3933 1205 4017 possit.
1238 3931 1290 3997 Ad
1304 3934 1343 3994 A

173 4042 236 4105 480
256 4036 292 4101 in
313 4036 382 4103 cod
397 4035 478 4102 Ven.
493 4037 523 4101 A
541 4036 717 4103 Herodiani
739 4042 850 4103 notam
872 4039 1079 4124 subsequitur
1099 4040 1170 4119 alia,
1191 4060 1274 4123 quae
1292 4042 1342 4104 est
1359 4044 1407 4095 259

174 4146 215 4211 de
236 4144 435 4209 nominativo
460 4139 524 4223 λίς,
546 4146 602 4210 sed
622 4144 705 4210 falso
724 4145 788 4211 huo
807 4145 933 4211 intrusa
954 4151 1017 4226 est,
1038 4147 1095 4212 ubi
1115 4147 1150 4211 in
1171 4150 1262 4212 textu
1275 4145 1343 4211 Ho-

174 4252 294 4318 merico
323 4254 373 4317 est
398 4250 459 4320 λῖν.
501 4252 573 4319 Ηοο
597 4251 702 4317 fraudi
727 4252 790 4318 fuit
814 4253 998 4321 Eustathio.
1040 4252 1105 4321 Sed
1129 4254 1185 4339 qui
1210 4255 1245 4319 in
1273 4254 1342 4320 cod.

174 4361 252 4428 Ven.
274 4359 364 4426 illam
386 4359 530 4430 notulam
551 4360 623 4426 loco
646 4382 712 4426 non
734 4383 793 4428 suo
815 4361 925 4430 allevit
948 4363 976 4431 is
997 4362 1072 4448 (nisi
1093 4384 1144 4429 res
1163 4383 1239 4429 cssu
1259 4361 1343 4429 acci-
