3425 4934
357 321 394 382 10
633 318 654 372 I.
684 317 726 373 De
743 319 868 375 fontibus
885 319 1028 377 doctrinae
1046 321 1246 378 Aristarcheae.

354 475 533 567 πόρρωθεν
559 476 579 571 ἡ
602 484 896 576 προαναφυίνησις·
933 483 1030 554 κάκεῖ
1056 480 1115 557 οῦν
1137 483 1198 556 οῦκ
1220 487 1279 556 ἐπὶ
1305 487 1346 555 τά
1368 486 1523 580 πόῤῥυιῆ

354 582 520 667 ἀπότασις
539 594 650 673 ,,Διὸς
672 590 702 661 δ’
726 592 884 663 ἐτελείετο
906 596 1037 683 βουλήιι
1060 601 1111 683 (Α
1129 600 1169 682 5).
1191 601 1236 663 Μ
1251 607 1288 667 17
1311 594 1526 685 σημειοῦνταί

348 729 435 783 τινες
462 704 548 791 πρὸς
573 702 615 771 τὰ
644 702 679 771 ίν
700 709 739 795 τῇ
771 710 810 770 Η
827 709 914 790 (443)
943 699 1154 789 άθετοίμενα
1179 702 1232 772 ὅτι
1259 704 1315 772 καί
1341 704 1377 773 ἐκ
1398 704 1525 776 τούτων

351 810 569 899 διαβάλλεται
595 812 682 900 πρὸς
700 811 739 881 τὸ
757 810 943 895 πρόσωπον
964 807 1131 898 γινόμενα.
1168 818 1212 879 Μ
1231 824 1289 885 105
1313 812 1525 904 σημειοῦνταί

348 946 434 1002 τινες
456 919 509 991 ὅτι
530 921 665 1011 <τυκτὰς
685 923 808 990 addidit
819 922 930 990 Lehm.
946 946 994 1008 ap.
1010 922 1259 1009 Friedlaefflen)
1293 916 1380 1007 βόας
1392 921 1453 1003 τὰς
1466 921 1524 991 άσ·

302 1050 333 1101 10
351 1028 453 1111 πίόας
466 1026 606 1120 εἴρηκεν.
639 1032 682 1095 Μ
699 1038 757 1099 175
771 1033 819 1117 τῷ
836 1028 873 1096 δὲ
887 1025 1028 1111 ,λάϊνον
1039 1023 1181 1116 Ἀργεῖοι
1195 1028 1255 1097 tt‘
1277 1030 1403 1119 διπλῆν
1417 1056 1523 1117 παρα·

347 1138 501 1209 τιθέασιν
530 1137 615 1207 ἔνιοι
644 1136 759 1207 διὰτὸ
787 1133 987 1226 ὑπερβατόν,
1018 1137 1091 1222 περὶ
1111 1140 1217 1218 τεῖχος
1236 1134 1357 1207 λάϊνον.
1400 1145 1444 1205 Μ
1461 1148 1521 1211 211

349 1244 564 1337 σημειοῦνταί
586 1271 674 1326 τινες
697 1244 753 1314 ότι
778 1250 875 1314 τοῦτο
902 1241 947 1326 ὡς
968 1242 1144 1333 γενόμενον
1165 1243 1269 1331 λέγει,
1293 1242 1464 1333 γινόμενον
1486 1247 1524 1315 δὲ

350 1354 388 1427 οῦ
404 1355 590 1446 παρίστησι.
617 1354 675 1422 καὶ
688 1358 841 1441 παρεῖται
855 1350 876 1444 ἡ
890 1350 1067 1440 πρόθεσις·
1090 1352 1125 1421 ίν
1146 1347 1285 1440 άγοραῖς
1303 1350 1375 1440 γάρ.
1407 1360 1447 1420 Μ
1462 1362 1523 1427 303

350 1462 559 1555 σημειοῦνταί
571 1489 658 1545 τινες
671 1463 816 1532 ἐνταῦθα
831 1461 884 1531 ὅτι
901 1459 1072 1553 περισσὴὴ
1086 1461 1248 1549 πρόθεσις
1262 1458 1283 1552 ἡ
1298 1458 1378 1550 περί
1384 1459 1522 1552 (φυλάσ-

349 1598 467 1655 σοντας
480 1576 558 1662 περὶ
571 1574 684 1664 μῆλα).
717 1576 745 1639 Ο
761 1581 820 1642 545
835 1568 868 1663 (ἡ
883 1575 993 1661 διπλῆ)
1009 1569 1059 1640 ότι
1079 1567 1269 1658 κασίγνητοι
1284 1567 1476 1657 κοινότερον
1490 1569 1522 1640 οἱ

348 1686 524 1771 συγγενεῖς·
547 1686 757 1771 σημειοῦνται
780 1676 841 1766 γάρ
855 1703 940 1760 τινες
962 1677 1012 1746 ὅτι
1024 1679 1102 1760 τοὺς
1119 1676 1283 1771 ἀνεψιοὺς
1303 1678 1523 1768 κασιγνήτους

349 1787 491 1860 ἐκάλουν
507 1842 514 1858 .
530 1844 537 1858 .
553 1847 560 1859 .
577 1791 691 1877 <schot
706 1793 819 1857 abhoc
833 1791 907 1857 loeo
918 1790 1068 1869 alienum,
1085 1812 1157 1856 cum
1168 1813 1250 1875 quae
1265 1790 1340 1856 inde
1355 1791 1396 1857 ab
1406 1812 1522 1877 σημει-

282 1905 463 1986 (11)σῦνται
485 1905 664 1986 sequuntur
684 1922 751 1966 non
773 1901 839 1965 sint
861 1898 1061 1981 Aristonici).
1101 1903 1132 1961 T
1149 1906 1188 1967 10
1209 1901 1418 1984 σημειοῦνταί
1437 1921 1523 1977 τινες

348 2006 400 2077 ὅτι
430 2006 585 2092 Δωρικὸν
610 2006 648 2074 τὸ
674 2002 766 2094 τόνη.
801 2014 841 2077 85
863 1999 1078 2091 σημειοῦνταί
1100 2028 1187 2084 τινες
1217 1998 1264 2084 ὡς
1291 1998 1332 2070 tv
1358 1990 1522 2091 λεγόντων
1694 1910 1698 2139 1

346 2120 445 2183 τινιῦν
460 2113 513 2182 ὅτι
531 2110 685 2205 ἠδίκησεν
705 2107 918 2201 α’φελόμενος
937 2112 997 2200 τὴν
1010 2112 1185 2201 Βρισηΐδα.
1223 2120 1255 2178 Τ
1266 2121 1326 2185 400
1346 2119 1521 2200 σημειοῦν-

346 2222 404 2292 ταί
429 2246 514 2303 τινες
544 2221 597 2290 ὅτι
623 2221 775 2290 ἐντεῦθεν
802 2218 822 2310 ἡ
845 2219 1002 2309 διασκευὴ
1028 2225 1088 2286 τοῦ
1118 2224 1308 2305 τεθρίππου
1337 2218 1522 2311 πεποίηται

348 2327 493 2413 ,,Ξάνθε
509 2355 546 2397 τε
562 2330 619 2398 καὶ
638 2330 678 2396 σὺ
694 2325 878 2414 Πόδαργε“
901 2333 946 2414 (Θ
963 2332 1041 2414 185).
1083 2334 1185 2399 Υ229
1206 2326 1417 2417 σημειοῦνταί
1435 2355 1522 2411 τινες

347 2545 423 2636 ρίαν
440 2547 498 2615 καί
518 2545 590 2615 ἐπεὶ
610 2541 858 2634 μεταγράφουσί
875 2570 963 2626 τινες
975 2542 1104 2613 Αἰνείω
1125 2545 1219 2636 γενεὴ
1238 2540 1416 2614 πάντεσσιν
1437 2541 1520 2613 άνά-

251 2694 254 2701 »
347 2661 410 2742 ξει,
432 2653 478 2736 ὦς
498 2650 788 2740 προθεσπίζοντος
811 2657 871 2720 τοῦ
892 2658 1036 2742 ποιητοῦ
1064 2652 1122 2744 τὴν
1139 2650 1312 2737 Ῥωμαίων
1339 2650 1450 2746 ἀρχήν.
1489 2663 1521 2722 Φ

346 2773 408 2836 282
423 2758 634 2848 σημειοῦνταί
645 2786 732 2842 τινες
745 2756 793 2841 ὡς
806 2757 875 2850 <ότι
884 2763 1035 2830 Lehrsius
1052 2764 1148 2830 tacite
1163 2764 1303 2830 correxit
1315 2787 1346 2849 p.
1356 2765 1411 2850 12>
1426 2759 1524 2847 ἅπαξ

348 2439 399 2511 ὅτι
420 2436 503 2520 ἁλὸς
520 2439 659 2506 πολιοῖο
680 2434 754 2526 ἔφη.
793 2442 822 2501 Y
834 2443 894 2508 307
914 2433 1123 2525 σημειοῦνταί
1139 2462 1225 2517 τινες
1245 2435 1331 2524 πρὸς
1348 2438 1411 2526 τὴν
1430 2435 1521 2507 ἱστο-

347 2868 475 2960 ε’ίρηκεν
497 2868 692 2957 (ἔρχθέντα).
729 2872 815 2958 <,,Αιι
836 2870 978 2957 pertinet
999 2873 1040 2937 ad
1065 2866 1252 2957 συφορβόν,
1284 2868 1340 2937 ότι
1368 2869 1462 2954 ἅπαξ
1485 2870 1521 2939 ἐν

343 2976 511 3049 ’itatem‘
536 2978 789 3065 Friedlaender.)
827 2984 889 3047 323
912 2976 1024 3046 ὅτιτὸ
1046 2976 1173 3068 πλῆρές
1191 2975 1260 3045 ἐστι
1280 2983 1519 3069 τυμβοχοῆσαι·

347 3088 402 3157 διὸ
424 3081 638 3177 σημειοῦνταί
649 3109 741 3163 τινες.
766 3091 802 3150 Χ
819 3096 857 3156 41
879 3082 1092 3173 σημειοῦνταί
1110 3109 1197 3166 τινες
1217 3083 1271 3155 ὅτι
1291 3090 1326 3154 ἐκ
1345 3092 1405 3155 τοῦ
1424 3085 1521 3155 ἐναν-

345 3193 418 3265 τίου
439 3200 478 3264 τὸ
501 3190 650 3262 ἐναντίον
666 3188 852 3284 δεδήλωκα
867 3195 960 3279 (ΑΒ).
996 3199 1034 3258 Χ
1045 3202 1106 3267 208
1126 3192 1339 3282 σημειοῦνταί
1353 3220 1440 3276 τινες
1461 3195 1520 3263 διὰ

346 3305 384 3373 τὸ
407 3305 530 3371 δοκοῦν
555 3296 684 3387 άπορον
706 3293 809 3385 εἶναι,
835 3301 920 3386 μετὰ
941 3300 1057 3388 μικρὸν
1077 3295 1200 3370 τσότιον
1221 3299 1406 3389 λεγομένων
1428 3303 1520 3388 ,πρὶς

346 3411 424 3496 περὶ
446 3408 524 3479 άστυ
545 3406 631 3496 μέγα
651 3405 802 3498 Πριάμου
819 3406 918 3476 δίον“
940 3417 1034 3496 (251).
1072 3417 1109 3476 Χ
1121 3418 1182 3481 349
1203 3407 1415 3497 σημειοῦνταί
1433 3436 1521 3492 τινες

346 3521 426 3605 πρὸς
445 3519 505 3609 τὴν
526 3513 746 3608 εῖκοσινήριτα
767 3515 866 3599 λέξιν,
891 3517 943 3586 ὅτι
967 3516 1052 3603 πρὸς
1072 3513 1181 3585 εἴκοσι
1202 3514 1404 3605 ἕξισοόμενα,
1429 3515 1521 3587 εἰκο-

346 3629 470 3695 σαπλῦ.
511 3635 571 3696 362
593 3622 805 3714 σημειοῦνταί
829 3650 918 3707 τινες
939 3624 990 3694 ότι
1016 3622 1102 3716 μόνη
1128 3622 1276 3694 κάτεισιν
1293 3622 1342 3707 εἰς
1356 3623 1477 3695 ’Ἅιδου
1499 3624 1520 3718 ἡ

345 3734 433 3824 ψυχὴ
458 3733 515 3803 καὶ
541 3728 579 3800 οῦ
604 3734 709 3800 δεῖται
730 3738 789 3819 τῆς
804 3729 929 3819 Ἑρμοῦ
946 3738 1189 3824 παραπομπῆς.
1228 3738 1263 3799 Ψ
1280 3742 1342 3804 267
1362 3729 1521 3823 τριτάτην

346 3839 560 3932 σημειοῦνταί
572 3865 655 3920 τινες
676 3838 729 3908 ότι
750 3836 824 3909 ἀντὶ
843 3848 904 3910 τοῦ
923 3837 1034 3930 τρίτην,
1054 3841 1111 3911 καί
1133 3840 1186 3910 ὅτι
1208 3835 1338 3927 ῦπυρον
1357 3842 1416 3910 τὸν
1437 3838 1521 3911 εῖνα-

345 3946 552 4037 θηματικόυ,
579 3944 693 4036 ἕτερον
712 3954 772 4017 τοῦ
793 3948 1026 4041 ἐμπνριβήτου.
1067 3954 1101 4017 Ψ
1119 3957 1180 4020 523
1202 3946 1416 4039 σημειοῦνταί
1435 3976 1522 4033 τινες

346 4054 401 4123 ὅτι
416 4051 439 4122 t
454 4051 523 4123 άνω
542 4049 616 4123 εἶπε
636 4053 752 4126 δίσκου
774 4051 858 4143 οὖρα
880 4064 938 4126 νῦν
957 4058 994 4126 δὲ
1015 4054 1184 4138 συνθέτως
1204 4056 1363 4146 δίσκουρα
1385 4058 1521 4148 (μελά

346 4166 519 4232 delendum
541 4172 597 4233 aut
619 4163 675 4232 65⁶⁴
699 4166 952 4253 Friedlaender>.
992 4170 1025 4231 Ψ
1045 4173 1106 4236 543
1127 4162 1377 4251 κεχολώσομαιτ
1404 4188 1520 4257 σημει-

342 4269 461 4338 οῦνταί
481 4297 567 4352 τινες
586 4270 641 4342 ότι
669 4269 741 4340 άντλ
768 4279 851 4361 (τοῦ)
879 4270 1017 4362 μηνίσω.
1054 4282 1115 4348 726
1136 4279 1350 4364 σημειοῦνται
1377 4274 1416 4343 (λε’
1435 4301 1521 4357 τινες

346 4377 403 4446 καί
422 4376 481 4447 τόν
500 4375 583 4469 κόψ’
608 4374 734 4448 όπιθεν
755 4374 908 4470 κώληπα,
934 4380 1044 4450 ὅτιτὸ
1067 4382 1176 4448 κιῦλον
1198 4379 1303 4461 οῦτως
1325 4374 1424 4453 εἶπεν.
1460 4392 1521 4456 826
