3425 4934
608 277 630 329 2.
654 272 696 329 Do
712 272 963 346 intompirolo’ono.
1307 281 1366 345 311

200 438 235 507 έν
248 436 373 526 ἑτέροις
392 435 529 530 ίφαμεν.
564 439 694 509 Scilicet
708 443 795 527 quod
808 443 1001 528 privativum
1019 445 1111 521 ossol,
1129 443 1169 507 A
1185 448 1258 512 301:
1280 444 1368 528 quod

199 573 325 637 sempor
345 550 452 617 lenem
473 550 623 635 spiritum
643 549 750 617 hobel

281 675 312 740 A
333 675 374 740 εδ
396 677 429 738 Κ
449 681 511 745 466
533 672 672 740 δέελον
695 671 732 740 δὲ
751 671 789 741 τὸ
812 666 966 761 εύδηλον,
995 665 1064 738 ono
1086 675 1146 742 τοῦ
1168 667 1261 761 δήειν
1282 676 1451 761 <cosmo

198 782 297 868 εις),
326 778 427 871 φησίν
444 774 463 847 ὁ
478 773 702 866 Ἀρίσταρχος,
724 779 762 848 τὸ
781 777 921 865 εύρετόν.
960 783 1107 851 Alterum
1128 782 1227 850 schol.
1248 775 1369 850 ταδτόν

199 885 269 954 έστι
288 892 337 976 τῷ
355 888 471 976 δῆλον·
502 885 556 955 διὸ
578 885 636 954 καί
652 884 745 977 τρίτη
767 882 838 956 ἀπὸ
859 885 976 968 τέλους
995 885 1016 976 ἡ
1041 883 1143 971 ὀξεῖα,
1167 888 1224 955 καί
1245 889 1369 977 ψιλοῦ-

198 1020 255 1062 ται
272 993 310 1062 τὸ
334 990 486 1079 δεύτερον
505 1019 529 1066 ε.
563 997 617 1064 An
638 996 769 1063 fuomnl
790 998 847 1083 qui
869 999 908 1064 do
930 994 988 1084 ἕλη
1009 999 1217 1083 cogitabant?
1237 997 1309 1064 Hoo
1330 1020 1368 1064 eo

197 1107 302 1193 magis
322 1109 402 1192 pulo
425 1126 498 1169 oum
516 1103 578 1170 hoo
598 1105 724 1171 rationo
745 1104 878 1172 fuerunt
906 1107 1004 1171 etism
1026 1106 1081 1190 qui
1103 1106 1294 1172 vocobulum
1314 1098 1369 1171 εύ-

200 1208 327 1291 δείελος
351 1211 560 1298 expliooronl,
589 1235 617 1277 v.
645 1211 768 1307 Bultm.
793 1212 880 1281 lexil.
907 1211 940 1279 Π
964 1235 995 1298 p.
1018 1219 1085 1282 190.
1127 1211 1178 1280 So.
1203 1206 1223 1299 ἡ
1251 1202 1288 1278 εδ
1311 1216 1370 1298 τῆς

198 1320 287 1408 εἱλης
321 1313 441 1401 ἔχουσα
471 1319 592 1385 inserto
622 1317 643 1383 δ
671 1323 705 1386 et
739 1342 812 1387 oum
847 1343 961 1407 aspero
994 1320 1125 1405 scripta,
1160 1320 1260 1387 schol
1289 1345 1302 1386 ι
1328 1328 1365 1391 21

198 1429 328 1516 (Elym)
354 1428 392 1494 ol.
417 1425 509 1492 Ευελ.
537 1431 624 1495 1613.
652 1465 692 1475 -
720 1426 815 1506 Quod
844 1428 913 1493 illio
935 1429 974 1494 δε
1000 1427 1188 1494 Aristarcho
1214 1430 1368 1495 traditum

197 1538 232 1603 iu
268 1532 383 1613 δέελος
412 1532 529 1601 falsum
562 1538 623 1614 εε6;
661 1534 715 1600 hio
750 1535 836 1601 onim
870 1539 909 1600 ut
942 1530 1056 1612 δέελος
1087 1538 1246 1623 occeperit
1276 1538 1368 1603 lestis

198 1643 417 1709 Aristonicus:
452 1635 473 1729 ἡ
498 1639 605 1728 διπλῆ
626 1637 704 1726 (ὅτι)
725 1631 746 1707 ίί
766 1635 1025 1728 ἡμεῖς’λέχομεν
1045 1641 1149 1729 δῆλον
1174 1637 1274 1722 αύτδς
1295 1635 1368 1709 εἶπε

199 1748 320 1815 διελὼν
338 1746 462 1816 δέελον.
1214 1784 1221 1795 1

279 1879 300 1939 Ι
319 1882 358 1945 61
382 1873 580 1958 διίξομαι·
606 1866 821 1959 διελεύσομαι
840 1873 882 1940 τὰ
904 1868 1084 1962 πράγματα
1105 1867 1164 1941 ἄπ’
1187 1868 1288 1961 ἀρχῆς
1307 1872 1368 1958 μέ·

196 2005 250 2067 χρι
270 1979 394 2061 τέλους.
438 1977 615 2048 δασυντέον
634 1978 672 2048 τὸ
694 1980 859 2068 διίξομαι·
884 1976 955 2053 ἀπὸ
978 1981 1040 2069 γὰρ
1061 1987 1121 2049 τοῦ
1141 1984 1203 2048 ίκιο
1226 1978 1368 2067 ἐγένετο·

199 2086 354 2177 ἐπιφέρει
381 2092 461 2176 χοῦν
491 2082 602 2174 ,,οἰτὰρ
632 2083 670 2154 ού
696 2086 792 2168 τέλος
821 2090 892 2157 ίκεο
918 2084 1064 2175 μύθιονίῑ
1091 2096 1130 2177 (v.
1157 2095 1218 2176 56).
1253 2092 1369 2177 Α(ΙΝ).

197 2199 271 2267 Ηοο
293 2222 355 2287 ogo
377 2199 456 2266 sotis
476 2220 589 2265 rocons
610 2221 680 2265 esso
701 2199 808 2266 iudico
829 2199 987 2266 scholion.

284 2327 318 2387 Ψ
333 2329 390 2392 135
405 2317 657 2388 καταείνυονε
678 2318 805 2401 δασέως
818 2320 857 2391 τὸ
878 2323 997 2390 εἵνυον·
1020 2317 1090 2392 ἀπὸ
1112 2322 1173 2411 γὰρ
1193 2322 1253 2390 τοῦ
1274 2314 1368 2389 siolo

200 2429 268 2499 ἐστὶ
288 2427 452 2514 θέματος,
477 2422 497 2496 δ
521 2432 691 2517 παρῆκται
712 2428 805 2517 παρὰ
826 2430 865 2500 τὸ
884 2428 928 2496 ἕω
951 2427 1182 2513 δασυνόμενον.

281 2554 355 2623 soh.
377 2561 472 2638 0352
494 2548 590 2638 ἀνδρί
611 2553 794 2645 προίκτρε
815 2550 909 2644 ίκτης
929 2552 1109 2645 ψιλωτέου,
1131 2554 1225 2639 παρὰ
1247 2553 1368 2642 γὰρτὸ

64 2731 70 2740 ,
199 2659 432 2748 παραβάλλειν
445 2659 506 2751 τὴν
524 2665 617 2749 χεῖρα
639 2661 696 2728 καί
718 2657 820 2729 αίτεῖν
843 2659 979 2748 δωρειίν.
1017 2657 1040 2750 ἢ
1059 2658 1078 2729 ὁ
1100 2659 1166 2750 πρὸ
1185 2667 1245 2729 τοῦ
1267 2657 1370 2729 αἰτεῖν

198 2764 368 2850 ἱκετεύων,
392 2765 422 2837 εί
444 2763 629 2836 δασύνεται.
669 2772 711 2840 Η.
733 2794 758 2839 ε.
779 2764 953 2858 προίκτης,
976 2771 1003 2837 si
1023 2776 1073 2838 εεί
1093 2794 1112 2837 o
1133 2772 1246 2856 προῖξ,
1270 2772 1369 2856 προί-

200 2904 285 2969 κτης,
306 2881 334 2947 si
356 2885 406 2947 est
427 2873 445 2946 ὃ
467 2875 535 2963 πρὸ
554 2872 714 2947 ἱκετεύων.

279 3004 440 3073 Nonnulli
466 3001 615 3070 ένδίεσαν
637 3008 666 3068 Σ
686 3012 748 3075 584
769 3028 835 3072 non
857 3029 878 3071 ε
899 2998 994 3093 δίημι
1020 3006 1101 3072 illud
1126 3028 1196 3071 esso
1217 3007 1368 3091 putantes

198 3117 254 3182 sod
273 3109 400 3180 ἐνίεσαν
416 3114 538 3181 inserto
562 3111 582 3177 δ
604 3115 654 3196 (ul
667 3115 744 3180 ilem
760 3113 891 3199 quidom
910 3117 1105 3198 putaverunt
1124 3113 1159 3179 in
1180 3105 1368 3196 εὐδείελος).

198 3224 332 3290 Bofutol
352 3244 408 3288 oos
421 3221 626 3288 Herodianus
640 3221 681 3287 εδ
694 3224 724 3284 Σ
738 3227 797 3290 162
818 3215 889 3287 ἔστι
909 3217 970 3307 χείρ
991 3244 1025 3286 τι
1047 3214 1142 3307 δίημι
1162 3223 1263 3307 ῥῆμα,
1287 3212 1364 3302 παρ’
1384 3227 1434 3280 816

200 3317 241 3395 οὗ
269 3326 326 3395 καί
349 3327 388 3396 τὸ
411 3323 525 3393 δίεσαν
546 3327 775 3416 πληθυντικον
796 3321 842 3407 ὡς
863 3324 1030 3394 ἐτίθεσαν·
1062 3323 1196 3408 ,οὕτως
1221 3320 1370 3393 ἐνδίεσαν

198 3434 319 3518 ταχέας
339 3428 439 3515 κύνας
459 3428 673 3522 ὀτρύνοντες“
696 3438 791 3519 (584).
829 3432 1052 3525 παραιτητέον
1073 3433 1135 3522 γὰρ
1155 3433 1233 3514 τοὺς
1254 3428 1369 3517 οἰομέ-

201 3566 277 3621 νους
307 3540 518 3627 πλεονασμὸν
549 3533 635 3609 εἶναι
659 3546 717 3609 τοῦ
744 3542 765 3608 δ
789 3539 846 3609 καί
876 3539 1091 3624 δασύνοντες·
1129 3538 1281 3610 διδάσκει
1306 3540 1368 3629 γὰρ

201 3645 290 3738 ἡμᾶς
315 3644 334 3719 ὃ
359 3650 503 3740 ποιητὴς
529 3648 586 3717 καί
612 3644 655 3718 δι’
674 3644 777 3739 δίλλης
797 3645 939 3730 κλίσεως
962 3650 1001 3720 τὸ
1023 3646 1213 3719 ἀκόλουθον
1234 3646 1369 3739 κίνημα·

202 3752 247 3836 ὡς
264 3756 325 3845 γὰρ
340 3754 503 3838 τίθενται,
526 3755 631 3836 οὕτως
646 3753 784 3823 δίενται·
805 3758 935 3838 „innoc
951 3753 1149 3842 ἀερσίποδες
1168 3754 1293 3837 πόλεος
1312 3780 1370 3824 πε-

201 3860 292 3933 δίοιο
319 3861 468 3933 δίενταιῑέ
496 3869 546 3950 (Ψ
568 3870 652 3950 475).
702 3867 749 3934 of.
776 3869 816 3934 od
841 3870 872 3930 Σ
890 3874 960 3937 584.
1002 3867 1085 3934 Vide
1108 3869 1147 3934 do
1168 3860 1311 3944 ι’ίναλτος
1331 3870 1371 3932 A

201 3981 261 4043 τεν
279 3977 332 4059 (ν).
366 3958 583 4059 σοιυεῖψιον
595 3966 720 4059 ’Ἀργος
732 3974 963 4041 nonnullorum
977 3997 1027 4062 ap.
1041 3976 1145 4043 soah.
1159 3974 1238 4041 vffl
1250 3999 1281 4061 p.
1298 3980 1369 4043 370.

202 4120 240 4131 -
263 4074 408 4165 (ούδᾶλα
427 4105 446 4166 ρ
468 4084 553 4167 455.)
574 4118 615 4131 -
636 4076 770 4167 ξυνέηκε
789 4086 829 4146 Α
849 4088 877 4151 8.
912 4075 1103 4164 ἀνίεμένους
1122 4086 1228 4165 8306.
1256 4078 1368 4164 ἐξέμεν

199 4194 238 4254 Λ
261 4197 328 4259 141.
352 4227 390 4238 -
412 4181 588 4255 δασύνεται
608 4185 647 4254 τὸ
666 4181 844 4275 χρυσήνιος
863 4189 952 4255 Harl
974 4192 1001 4253 8
1022 4195 1092 4258 285.
