3425 4934
352 315 392 375 54
435 306 469 359 II.
496 304 538 360 De
555 305 732 360 Aristarches
748 305 950 361 vocabulorum
967 306 1175 362 Homericorum
1192 304 1432 377 interpretatione,

284 472 338 541 (64)
351 467 470 552 λέξεως
487 468 630 559 σάνήβες
644 464 831 560 ἐφύλασσεν
844 468 1008 560 Ὅμηρος·
1032 465 1069 538 ori
1092 470 1162 558 γὰρ
1185 465 1232 537 tio
1254 465 1349 539 erdod
1371 464 1523 552 άπαρα-

348 571 529 667 μύθήτον
557 574 575 646 ὁ
599 572 854 665 Ἀρίσταρχος
880 566 1043 670 άφήιίεν.
1083 577 1119 645 ἐν
1138 574 1248 646 τοίνυν
1267 583 1308 669 τῇ
1333 573 1525 667 Φιλήμονος

351 682 455 765 οὕτως
480 683 617 775 ἐφέρετο
643 680 688 766 ,,ὁ
715 684 752 752 δέ
775 682 937 776 Πήδασον
964 681 1087 776 ήλασεν
1112 687 1258 753 ἵππον“·
1285 682 1356 752 ἐστι
1382 683 1443 770 γὰρ
1468 680 1525 750 ὅτε

349 791 407 859 ἐπὶ
429 796 487 884 τής
505 795 588 877 (edd.
610 788 801 881 πόρρωθεν)
822 795 950 884 πληγῆς
976 795 1014 861 τὸ
1035 788 1159 881 ήλασεν
1178 796 1300 873 κεῖται,
1324 789 1370 873 ὡς
1391 790 1448 859 ε’πί
1466 796 1525 857 τοῦ

346 895 489 990 Ἀρήτου
510 905 552 986 (Ρ
575 905 648 988 517)
675 900 757 981 ,οιαὶ
783 901 883 987 βάλεν
907 898 1104 993 Ἀρήτοιο“,
1138 892 1209 968 εἶτα
1242 896 1396 989 ,,νειοιίρῃ
1425 895 1458 966 d’
1488 897 1523 965 ἐν

348 1009 464 1095 γαστρί
490 1009 548 1075 διὰ
573 1010 735 1097 ζωστῆρος
756 1004 929 1077 ἔλασσενῑί.
969 1011 1090 1077 Versor
1114 1013 1148 1077 in
1170 1012 1376 1090 testimoniis,
1405 1010 1523 1095 quibus

349 1120 505 1203 quaedam
537 1120 667 1205 egregie
700 1119 952 1205 comprobantur
979 1118 1178 1204 gravissima,
1211 1141 1294 1203 quae
1325 1118 1395 1182 aliis
1426 1116 1522 1181 huius

348 1226 493 1311 opusculi
516 1226 676 1311 capitibus
697 1227 892 1292 confirmavi.
930 1224 1024 1303 Quod
1045 1248 1112 1291 non
1135 1226 1276 1312 gloriose
1299 1226 1383 1301 dico,
1404 1223 1460 1289 sed
1481 1222 1523 1287 cd

348 1334 515 1398 tutandam
540 1334 715 1399 vemtetem.
758 1333 822 1399 Sed
844 1334 932 1418 quod
960 1333 998 1398 de
1025 1335 1164 1417 pessima
1191 1334 1254 1398 fide
1278 1332 1469 1398 scholiastes
1491 1329 1522 1395 V

348 1441 494 1520 dissensi,
519 1440 572 1506 hic
599 1442 814 1506 certissimum
841 1441 1071 1507 documentum
1099 1445 1156 1505 est
1200 1438 1232 1505 Is
1254 1440 1340 1505 enim
1361 1439 1424 1504 hoc
1447 1438 1520 1503 loco

347 1549 394 1613 ita
414 1548 538 1613 scribit:
571 1540 713 1613 οὐτάσαι
737 1544 776 1613 τὸ
805 1543 842 1612 ἐκ
862 1546 973 1629 χειρὸς
992 1549 1132 1632 τρῶσαι·
1160 1543 1309 1612 ἐνταῦθα
1331 1543 1369 1611 δέ
1397 1543 1454 1611 ἐπὶ
1474 1547 1522 1630 τῷ

346 1655 463 1738 βαλεῖν
481 1659 528 1741 τῷ
541 1650 663 1744 ῥήματι
680 1651 846 1742 κέχρηται·
869 1651 959 1739 λέγει
981 1654 1043 1741 γάρ
1058 1652 1272 1740 ,,Σαρπηάιὺν
1292 1647 1322 1719 d'
1341 1648 1443 1719 αὐτοῦ
1461 1648 1523 1735 μὲν

345 1754 595 1850 ἀπήμβροτενίί,
621 1759 705 1848 ὅπερ
720 1758 778 1828 ἐπί
791 1765 856 1828 τῶν
871 1757 1039 1852 ἀφιέντων
1052 1759 1218 1829 τάσσεται.
1249 1759 1312 1828 διὸ
1336 1758 1403 1826 καί
1424 1755 1521 1846 γρά-

347 1892 416 1958 φει
433 1865 709 1955 Ἀρίσταρχος·
732 1864 777 1950 ,,ὃ
800 1869 837 1935 δέ
858 1868 1019 1960 Πήδασον
1039 1864 1168 1955 άγλαὸν
1187 1870 1305 1948 ἵππον,

447 1971 506 2044 τόν
527 1973 569 2062 ῥά
591 1971 665 2044 ποτ’
685 1972 867 2055 Ἠετίωνος
887 1974 972 2044 ἐλὼν
992 1977 1093 2046 πόλιν
1113 1971 1206 2068 ἤγαγ’
1226 1970 1407 2058 Ἀχιλλεύς,

449 2076 488 2163 ὃς
507 2083 565 2152 καί
585 2083 710 2173 θνητὸς
730 2082 795 2152 ἐάν
816 2079 914 2152 ἕπεθ’
936 2086 1058 2165 ἵπποις
1079 2080 1311 2166 ἀθανάτοισιν,
1366 2126 1371 2137 ·

450 2192 509 2259 τὸν
529 2187 614 2278 βάλε
636 2191 747 2273 δεξιὸν
768 2183 896 2277 άμονίῑ.

346 2304 412 2369 Ain
441 2305 539 2367 vero?
584 2301 754 2368 Eiusmodi
795 2304 1013 2370 additamenta
1043 2325 1082 2370 ex
1120 2302 1191 2367 cliis
1225 2301 1306 2367 locis
1339 2300 1521 2367 Homericis

346 2409 485 2494 repetita
505 2408 557 2475 vel
578 2410 803 2475 consarcinato
822 2415 879 2476 aut
900 2412 969 2496 ipse
990 2412 1112 2495 fingere
1134 2410 1219 2475 solet
1239 2408 1443 2474 An'stsrchus
1465 2412 1522 2472 aut

347 2519 444 2582 etiam
469 2517 504 2581 in
533 2517 643 2582 codice
674 2521 803 2604 reperta
838 2519 1002 2604 recipere?
1037 2517 1105 2583 Imo
1138 2538 1214 2583 vero
1244 2521 1312 2581 tem
1344 2516 1521 2600 suspicioso

347 2624 455 2703 hebet
478 2629 516 2689 ut
527 2625 561 2687 in
575 2624 757 2689 reiiciendis
771 2625 823 2689 vel
839 2625 935 2692 obelo
949 2626 1101 2691 notandis
1123 2626 1219 2689 etism
1240 2624 1344 2689 iustos
1365 2624 1520 2688 terminos

346 2730 498 2797 excedere
529 2731 683 2797 videatur.
732 2731 796 2798 Sed
830 2754 926 2818 porro
961 2733 1042 2799 hsec
1072 2732 1318 2797 consideremus.
1368 2730 1431 2795 Hic
1460 2751 1520 2794 nec

347 2840 460 2905 doctus
486 2861 547 2904 nec
575 2839 728 2922 antiquus
755 2840 984 2922 grammaticus
1010 2840 1095 2905 unde
1116 2838 1339 2904 Aristarchees
1365 2836 1520 2903 lectiones

347 2967 444 3029 quam
458 2946 616 3030 Didymus
631 2952 828 3033 cognoverat
841 2946 967 3025 melius,
989 2947 1045 3032 qui
1059 2952 1093 3012 et
1112 2950 1281 3030 utramque
1304 2943 1406 3010 oculis
1427 2965 1520 3008 usur·

346 3053 434 3137 pavit
455 3052 630 3117 editionem
649 3054 826 3119 Aristarchi
848 3055 1160 3138 commentariosque
1182 3053 1251 3118 eius
1271 3051 1436 3135 librosque
1450 3049 1517 3114 Ho-

344 3160 479 3224 mericos
509 3160 551 3224 sd
578 3182 687 3225 veram
713 3161 952 3227 Aristarcheam
976 3160 1149 3227 lectionem
1178 3159 1403 3244 explscsndsm
1428 3156 1520 3221 adhi-

343 3267 435 3332 buit?
469 3266 618 3351 Denique
649 3272 717 3332 tam
743 3268 830 3333 bons
855 3269 977 3333 utimur
999 3268 1143 3346 fortuna,
1173 3271 1210 3331 ut
1237 3289 1333 3352 quam
1360 3263 1443 3329 nihil
1467 3263 1520 3328 hic

343 3373 518 3439 scholiasta
544 3373 672 3439 sciverit
694 3374 733 3440 de
754 3375 961 3440 Aristarches
980 3374 1118 3441 lectione
1146 3374 1207 3440 hac
1228 3375 1299 3460 ipss
1319 3374 1353 3438 in
1375 3370 1519 3436 retesti·

295 3510 328 3559 54
344 3480 459 3546 ficstus
480 3481 530 3555 sit.
570 3479 702 3546 Scilicet
723 3503 762 3546 ex
783 3482 846 3547 iste
860 3481 991 3567 Didymi
1012 3484 1222 3549 snnotstionc
1244 3481 1440 3566 patefactum
1462 3482 1520 3559 est,

344 3586 430 3652 hunc
444 3609 546 3652 unum
560 3587 594 3652 in
608 3588 817 3654 Aristarcheo
832 3589 976 3655 Homero
996 3591 1170 3655 occurrisse
1193 3591 1223 3654 ei
1242 3589 1360 3670 locum,
1381 3610 1446 3671 quo
1467 3586 1519 3650 lex

345 3694 384 3758 de
406 3717 467 3759 usu
488 3695 635 3760 vocabuli
656 3691 795 3777 βάλλειν
816 3698 955 3783 migrata
976 3702 1074 3778 esset,
1108 3701 1275 3782 praetores
1293 3694 1429 3761 nullum.
1473 3694 1520 3757 At

279 3808 333 3879 (65)
345 3802 380 3866 in
402 3825 440 3866 es
460 3802 656 3882 recensione,
679 3824 743 3887 qus
763 3826 824 3869 nos
845 3805 980 3883 utimur,
1006 3808 1173 3890 prseterec
1192 3826 1277 3869 unus
1300 3807 1361 3882 est,
1390 3806 1424 3865 N
1444 3805 1518 3868 573:

344 3898 391 3984 άίς
411 3903 431 3974 b
450 3906 565 3986 τυπείς
585 3902 731 3996 ἤσπαιρε
757 3906 905 3994 μίνυνθά
925 3933 1004 3993 περ,
1036 3934 1111 3977 cum
1136 3916 1232 3977 antee
1257 3911 1374 3976 diserte
1396 3909 1517 3973 dictum

344 4021 429 4082 esset
450 4020 535 4101 (567)
556 4009 641 4099 βάλε
663 4012 766 4103 δουρί.
812 4017 898 4095 Quid
924 4020 1025 4104 igitur
1045 4019 1086 4083 ad
1107 4019 1193 4084 hunc
1214 4019 1321 4084 locum
1344 4017 1443 4082 schol.
1467 4015 1518 4079 V?

341 4117 472 4201 τυπείςι
500 4121 557 4189 καί
585 4122 654 4209 μήν
681 4125 824 4211 προεῖπε
848 4118 959 4208 ,βάλε
986 4120 1113 4209 άονρίῑί.
1149 4118 1182 4191 oi
1208 4122 1270 4207 μὲν
1297 4122 1336 4189 τὸ
1360 4122 1518 4206 μέτωπον

342 4224 496 4317 πληγείς,
520 4224 553 4296 οἱ
574 4228 611 4296 δὲ
631 4229 690 4320 τήν
709 4227 834 4323 ψυχήν,
866 4227 912 4310 ὡς
932 4230 970 4298 τὸ
998 4229 1244 4318 ,,καταπλήγείς
1269 4227 1370 4321 φίλον
1397 4220 1516 4319 ήτορ“·

344 4331 377 4402 oi
399 4335 436 4403 dd
460 4330 506 4415 ὦς
524 4336 563 4402 τὸ
591 4333 781 4426 ,,Πήδασον
807 4333 951 4407 οάτασεν
977 4340 1124 4406 tanos«-
1163 4335 1323 4427 ἐβέβλητο
1352 4336 1414 4423 γὰρ
1446 4333 1513 4404 ὑπὸ
