3425 4934
383 317 444 382 218
564 309 611 367 ΙΙΙ.
639 308 681 365 De
700 308 853 365 Ashtarchi
871 308 988 365 scientio
1004 307 1180 379 antiquitatis
1196 309 1367 367 Homericae.

381 477 419 545 τὸ
442 473 653 566 κατηγόρημά
675 475 759 558 ἔστι,
785 475 974 545 καθολικόν
995 474 1053 543 καὶ
1071 474 1169 545 τοῦτό
1191 475 1271 558 ἐστι,
1295 476 1353 545 καὶ
1374 478 1555 564 διαιρεῖται

316 598 363 649 221
384 579 433 665 εἴς
459 609 495 651 τι
526 584 565 653 τὸ
596 581 744 653 ἐναντίον
771 584 828 653 καὶ
854 584 892 653 τὸ
920 579 1084 653 ἀδύνατον
1108 585 1166 652 καὶ
1190 584 1229 654 τὸ
1256 581 1472 675 ἀνιστόρητον
1497 585 1555 653 καὶ

383 689 507 780 ἀλογον
532 692 590 761 καὶ
618 688 814 785 ἀσύμφορον
838 692 896 760 καὶ
922 686 1081 780 ἀπρεπές.
1114 684 1160 760 ὧν
1182 690 1321 762 ἕκαστον
1342 690 1456 762 λύεται
1476 689 1554 782 τρό-

381 826 462 881 ποις
480 798 588 869 πὲντε.
624 795 647 869 ἀ
667 801 729 889 γὰρ
751 800 809 868 διὰ
831 798 950 883 λέξεως
972 796 1065 869 λήσει
1083 828 1133 882 τις
1150 795 1175 891 ἢ
1190 795 1331 886 ὀνόματι
1344 797 1368 892 ἢ
1381 798 1553 891 προσώπῳ

380 905 405 999 ἢ
422 905 529 998 χρόνῳ
550 903 575 998 ἢ
595 906 680 978 ἔθει.
722 912 783 978 Est
803 911 890 976 haud
913 912 1008 977 dubie
1030 913 1111 977 illud
1131 912 1300 978 artificium
1319 934 1437 998 vagum
1450 935 1554 998 nego-

381 1021 462 1086 tium
482 1021 602 1104 regulis
624 1020 817 1104 quibusdam
838 1019 1069 1105 adstringendi,
1091 1041 1156 1104 quo
1177 1019 1303 1085 facilius
1324 1020 1445 1099 ficem,
1469 1021 1553 1086 anti·

382 1128 580 1214 quissimum.
608 1126 754 1192 Primum
767 1126 960 1192 Aristoteles
983 1127 1200 1211 sophistarum
1223 1127 1364 1194 elenchis
1381 1133 1469 1194 certa
1488 1129 1553 1194 sol·

381 1236 476 1301 vendi
498 1257 618 1321 genera
639 1233 792 1318 opposuit
818 1234 948 1318 suisque
970 1234 1156 1300 nominibus
1178 1235 1358 1320 insignivit,
1383 1258 1466 1321 quae
1487 1236 1552 1322 legi

381 1346 544 1407 merentur
569 1347 626 1407 art
648 1346 736 1426 poet,
757 1340 871 1406 XXVI.
914 1342 1039 1407 Deinde
1067 1364 1107 1407 ne
1134 1342 1169 1407 in
1191 1340 1321 1409 Sosibio
1344 1344 1474 1428 quidem
1494 1344 1552 1409 du-

381 1449 549 1516 bitandum
572 1454 633 1527 est,
663 1450 742 1534 quin
768 1454 855 1515 certa
878 1450 1034 1535 quaedam
1056 1449 1191 1515 artificia
1212 1453 1245 1514 et
1263 1451 1410 1530 nomina,
1435 1451 1553 1537 quibus

380 1560 414 1623 in
438 1557 649 1623 dissolvendis
670 1557 916 1622 difficultatibus
938 1557 1114 1623 identidem
1135 1561 1287 1636 uteretur,
1305 1560 1482 1624 constituta
1495 1559 1553 1624 ha·

381 1666 496 1740 buerit
516 1687 711 1750 quamquam
724 1665 861 1731 fortasse
876 1666 917 1730 ab
932 1665 980 1744 iis,
1002 1686 1085 1750 quae
1099 1669 1212 1751 postea
1228 1667 1402 1746 valuerunt,
1420 1668 1552 1734 diversa.

381 1772 466 1839 Nam
487 1774 521 1838 in
541 1772 725 1859 fragmento
748 1794 786 1837 ex
809 1773 877 1838 eins
900 1794 1004 1857 opere,
1018 1771 1138 1838 Athen·
1152 1772 1197 1838 XI
1217 1796 1247 1858 p.
1262 1772 1356 1854 49311,
1379 1778 1551 1860 postquam

382 1880 604 1967 quaestionem
625 1881 748 1965 posuit,
769 1880 860 1945 addit
882 1873 1030 1957 ,παύσων
1050 1874 1161 1944 τοίνυν
1182 1877 1288 1958 οὕτως
1309 1878 1551 1969 κατηγορουμέ-

381 2011 446 2053 νων
465 1991 505 2078 τή
527 1980 720 2076 ἀναστροφῇ
739 1980 940 2073 χρησάμενοι
963 1978 1158 2070 ἀπολύομεν
1176 1985 1236 2053 τὸν
1256 1982 1435 2074 ποιητήνίί.
1477 1988 1553 2054 Fuit

380 2097 482 2183 igitur
508 2087 528 2181 ή
560 2086 755 2183 ἀναστροφή
783 2117 822 2164 ox
850 2095 914 2160 illis
936 2095 1081 2161 solvendi
1106 2097 1298 2174 rationibus,
1325 2120 1405 2181 quas
1426 2097 1552 2163 solebat

381 2205 541 2271 adhibere.
576 2203 686 2287 Atque
707 2203 776 2268 eius
798 2225 901 2288 genus
923 2203 1067 2268 solvendi
1087 2203 1279 2289 insignitum
1299 2206 1398 2271 fuisse
1419 2209 1552 2290 apparet

380 2312 500 2377 ibidem
522 2333 560 2377 ex
580 2312 719 2390 ratione,
741 2332 806 2395 qua
826 2334 846 2374 a
866 2309 1054 2376 Ptolemaeo
1077 2311 1185 2376 elusus
1207 2315 1269 2389 est,
1293 2313 1349 2396 qui
1367 2313 1437 2397 ipse
1458 2313 1492 2377 in
1512 2334 1550 2378 eo

381 2419 542 2484 irridendo
564 2418 675 2503 inepta
697 2419 836 2502 quadam
857 2417 1030 2500 solutione,
1052 2440 1149 2502 quam
1170 2418 1225 2483 ille
1246 2418 1398 2486 adhibere
1417 2419 1552 2498 solebat,

381 2548 458 2591 usus
481 2530 539 2592 est.
561 2566 601 2575 —

462 2694 482 2774 ξ
504 2698 532 2759 6.
575 2690 740 2777 Superest,
766 2694 804 2755 ut
824 2689 968 2768 libellos,
996 2714 1077 2777 quos
1100 2693 1231 2775 quidem
1251 2692 1413 2774 novimus,
1441 2694 1497 2779 qui
1517 2695 1552 2758 in

382 2799 459 2866 solis
482 2798 692 2864 dissolvendis
714 2798 960 2882 quaestionibus
976 2801 1123 2883 occupati
1139 2804 1239 2879 erant,
1258 2822 1553 2880 commemoremus,

382 2908 438 2992 qui
458 2929 517 2992 pro
539 2911 707 2971 auctorum
723 2906 863 2991 ingeniis
884 2906 971 2972 haud
993 2905 1088 2972 dubie
1107 2907 1179 2991 plus
1193 2907 1300 2972 minus
1315 2908 1437 2992 spinosi
1452 2913 1552 2986 erant,

381 3036 614 3100 nonnunquam
623 3015 848 3098 quaestionum
864 3036 900 3079 ac
915 3013 1114 3080 solutionum
1128 3014 1258 3079 nomine
1273 3037 1310 3080 ac
1323 3015 1428 3080 forma
1442 3038 1553 3082 neces·

383 3124 481 3188 sarias
501 3127 598 3207 atque
619 3121 798 3208 praeclaras
820 3121 1108 3187 commentationes
1130 3122 1353 3200 continebant,
1380 3146 1453 3190 cum
1473 3147 1553 3191 aevo

382 3231 560 3317 posteriore
590 3232 624 3295 in
653 3230 732 3315 ipsis
766 3228 1005 3296 commentariis
1037 3227 1266 3314 explicationes
1290 3231 1336 3295 ita
1362 3231 1553 3318 plerumque

298 3351 371 3423 (ιιι)
383 3337 522 3423 proponi
540 3337 712 3417 videamus,
726 3341 764 3402 ut
776 3337 934 3421 incipiant
949 3333 1006 3400 διὰ
1024 3331 1058 3399 τί
1072 3387 1079 3402 .
1095 3389 1103 3404 .
1120 3388 1127 3403 .
1145 3387 1152 3403 .
1167 3336 1302 3422 Scripsit
1316 3338 1553 3406 Aristoteles

380 3437 584 3533 ἀπορήματα
610 3444 660 3510 vel
688 3437 857 3531 ζητήματα
889 3444 941 3509 vel
965 3437 1190 3531 προβλήματα
1212 3435 1386 3532 Ὁμηρικά.
1432 3447 1553 3534 Phryn.

379 3577 409 3639 p.
431 3561 492 3623 225
517 3548 718 3637 βασίλισσαν
742 3544 900 3616 Ἀλκαῖόν
927 3572 1012 3638 φασι
1032 3549 1091 3618 τὸν
1115 3550 1364 3638 κωμῳδοποιόν
1385 3551 1442 3619 καὶ
1460 3547 1553 3638 Ἀρι-

364 3657 536 3749 Ιστοτέλην
557 3657 592 3726 ἐν
612 3653 844 3748 τοῖςςθμήρου
867 3651 1083 3745 ἀπορήμασιν
1104 3652 1280 3747 εἰρηκέναι.
1308 3662 1447 3748 Reliqua
1459 3664 1552 3730 testi-

380 3771 489 3837 monia
523 3770 585 3836 vid.
614 3793 663 3854 ap.
690 3768 890 3836 Lobeclrium
922 3771 955 3834 et
979 3766 1184 3834 Nunnesium
1213 3768 1233 3836 l
1259 3769 1279 3834 l.
1300 3770 1339 3835 cf.
1362 3770 1489 3836 Ruhnk
1512 3771 1552 3838 dc

315 3889 364 3940 νιν
381 3876 517 3963 Longin.
539 3877 558 3963 5
577 3885 623 3946 14.
645 3875 837 3961 Saepissime
852 3875 1038 3941 Aristotelis
1056 3870 1220 3964 Ὁμηρικὰ
1244 3870 1412 3963 ζητήματα
1434 3878 1551 3943 aPor·

448 4046 486 4087 1³⁷
501 4043 580 4099 Idem
592 4041 737 4098 consilium
749 4058 871 4112 agnosco
882 4041 913 4095 in
924 4041 1103 4113 praescriptis
1115 4042 1212 4106 Servii,
1229 4046 1262 4099 ut
1273 4043 1419 4098 hominum
1436 4044 1552 4099 nomina

380 4145 437 4184 non
459 4129 603 4185 nominata
625 4126 756 4198 ponenda
777 4128 841 4180 sint.
875 4124 944 4181 Aen.
966 4126 1005 4180 IX
1028 4131 1085 4183 ³62.
1115 4127 1155 4183 cf.
1179 4128 1193 4182 I
1215 4135 1255 4184 71.
1275 4134 1331 4184 1⁷4.
1365 4129 1504 4185 Iuvenalis
1521 4131 1552 4184 et

380 4213 507 4269 Suetonii
517 4213 572 4268 loci
584 4228 668 4282 supra
677 4209 757 4264 allati
769 4209 929 4275 ostendunt,
948 4211 1048 4265 horum
1060 4210 1205 4266 nominum
1216 4212 1349 4268 scientiae
1361 4212 1551 4268 Romanorum

380 4297 520 4368 principes
542 4296 638 4351 avidos
658 4294 751 4349 inisse.
773 4325 807 4335 —
829 4292 918 4363 Saepe
939 4293 986 4347 vix
1010 4294 1155 4350 habebant
1176 4297 1271 4372 vexati
1295 4297 1471 4367 grammatici
1494 4314 1550 4366 quc

384 4382 578 4452 confugerent:
602 4381 637 4436 de
655 4396 710 4450 quo
727 4377 854 4450 lepidum
871 4380 914 4434 est
931 4379 1007 4449 quod
1024 4380 1113 4436 habet
1129 4379 1229 4437 Athen.
1247 4380 1285 4434 IX
1303 4385 1379 4437 3980.
