3425 4934
360 287 418 349 118
439 279 473 332 H.
502 277 544 332 De
561 277 738 334 Aristarchus
754 278 955 333 vocabulorum
974 277 1185 333 Homericorum
1201 276 1444 349 interpretatione.

356 442 496 532 μηδέπω
512 440 709 527 καχλάζοντι
721 444 779 513 καὶ
800 441 1020 512 ἀποτελοῦντι
1040 439 1136 532 ἦχόν·
1157 442 1298 532 μηδέπω
1317 442 1379 530 γὰρ
1403 438 1528 527 ἀνέμου

357 547 527 637 εόκρινοῦς
547 545 642 633 όντος
655 552 694 623 τὸ
716 559 805 638 κῦμα
819 548 945 643 ἠρεμεῖ.
980 556 1052 620 Ηοο
1067 555 1264 620 nuncetiam
1279 555 1325 619 sic
1343 553 1529 639 explicatur,

357 664 502 728 sednon
523 668 679 731 accurata.
723 658 836 750 κωφὸν
857 666 946 745 κῦμα
967 686 1032 728 non
1053 666 1144 727 muta
1165 666 1215 727 est
1235 663 1331 743 unda,
1352 662 1409 728 sed
1429 683 1527 726 rauco

358 793 439 836 sono
465 794 682 848 murmurans,
718 773 806 857 quod
833 793 935 837 unum
960 769 1019 835 illo
1048 770 1121 836 loco
1145 770 1290 855 quadrat.
1342 768 1414 835 Nec
1435 769 1466 832 Ω
1489 776 1528 835 51

358 882 443 944 terra
469 883 565 944 tunsa
588 882 680 945 muta
700 883 750 944 est
771 879 828 944 sed
848 900 981 944 raucum
1003 878 1071 943 edit
1091 900 1218 944 sonum.
1262 876 1358 955 Quod
1380 876 1529 962 Orpheus

358 987 439 1052 dixit
467 987 506 1052 de
532 988 612 1052 mari
641 985 814 1073 tranquillo
840 986 978 1071 loquens
999 985 1089 1071 (Arg.
1115 989 1204 1069 1108)
1227 982 1326 1072 κωφὰ
1349 979 1387 1049 dd
1407 977 1531 1060 πόντος

357 1087 458 1172 κεῖθ’,
479 1095 512 1159 id
534 1094 675 1161 alienum
696 1096 737 1160 ab
758 1094 948 1160 Homeroffl.
984 1092 1067 1158 Item
1089 1089 1186 1181 κωφὴ
1208 1085 1334 1178 γαλήνη
1355 1114 1404 1175 ap.
1419 1090 1528 1157 Noun.

356 1201 501 1269 ΧΙ1348.

856 1540 896 1614 Ὠ
918 1545 1027 1616 πόποι

357 1688 423 1766 non
450 1701 612 1788 significat
637 1723 673 1781 „0
695 1701 758 1766 di“:
787 1700 951 1767 namhoc
976 1703 1004 1768 si
1030 1702 1227 1788 significaret
1247 1702 1336 1769 haud
1356 1701 1529 1768 verisimile

357 1808 466 1875 Iovem
492 1810 553 1874 hac
575 1809 807 1877 exclamatione
828 1832 962 1875 usurum
983 1809 1091 1875 fiiissa.
1135 1809 1180 1876 Ut
1200 1810 1238 1874 fit
1259 1812 1295 1873 H
1316 1816 1387 1877 455.
1419 1832 1436 1870 ν
1462 1816 1528 1878 110.

357 1915 463 1981 Testis
482 1915 713 2003 Theognostus
736 1939 849 1985 canon.
870 1941 920 2003 ap.
936 1919 1122 1984 Cramerum
1143 1916 1180 1982 Τ.
1195 1917 1227 1982 ΙΙ
1247 1941 1279 2002 p.
1297 1923 1364 1985 158.
1401 1916 1530 1982 Tenue·

355 2027 432 2089 runt
447 2022 511 2089 hoe
532 2025 655 2108 optimi,
676 2029 714 2090 ut
736 2025 946 2111 Apollonius,
967 2025 1186 2091 Herodianus:
1210 2025 1268 2090 sed
1290 2024 1400 2109 Apion
1420 2027 1456 2096 ut
1478 2047 1530 2090 ex·

357 2134 490 2216 spectes.
525 2131 663 2218 Hesych.
701 2130 829 2198 adnot:
864 2133 988 2198 παπαῖ.
1037 2127 1238 2221 ἐπίφθεγμα
1272 2126 1529 2211 οχιτλιαοτικόν.

353 2231 483 2302 Ἀπίων
498 2235 536 2303 dd
555 2261 666 2327 φησιν,
694 2236 747 2306 ὅτι
767 2242 854 2328 (cod.
871 2235 919 2327 oi>
935 2235 1093 2321 δαίμονός
1110 2233 1175 2305 aim
1195 2233 1307 2304 reduce
1321 2235 1378 2304 καὶ
1392 2232 1480 2304 ἔστιν
1502 2228 1530 2303 oi

294 2366 340 2417 119
359 2339 524 2429 δαίμονες.
559 2347 649 2426 Quos
662 2347 717 2414 ille
733 2343 897 2432 δαίμονας
909 2350 1101 2415 Homericos
1115 2342 1250 2425 πόπους
1263 2348 1433 2434 putaverit,
1450 2346 1529 2432 Scy·

357 2454 486 2519 thurum
499 2447 691 2538 ἆγαλμότιό
705 2479 780 2520 τινα
793 2459 859 2520 τῶν
874 2459 966 2520 θεῶν
979 2450 1139 2541 ὑπόγαια,
1160 2480 1202 2523 an
1216 2449 1350 2532 πόπους
1362 2455 1531 2541 Dryopum

357 2558 441 2625 κατὰ
475 2557 577 2641 λέξιν,
613 2587 654 2628 an
685 2564 905 2649 Euphorionis
940 2570 973 2631 et
1003 2564 1295 2630 Alexandrinorum
1326 2562 1379 2647 (de
1412 2563 1530 2648 quibus

357 2670 507 2735 omnibus
528 2673 715 2737 testimonia
740 2672 877 2739 collecta
903 2673 1005 2738 habes
1026 2672 1067 2737 ad
1087 2671 1241 2756 Hesychii
1261 2670 1370 2736 locum
1392 2674 1424 2736 et
1444 2672 1530 2755 apud

356 2777 554 2845 Meinekium
575 2778 668 2846 Anal.
691 2780 740 2846 Al.
762 2804 792 2868 p.
818 2783 889 2864 128)
911 2779 1079 2846 nescimus.
1105 2817 1146 2826 -
1173 2779 1268 2856 Quod
1296 2778 1337 2843 ad
1363 2783 1530 2844 accentum

357 2885 485 2965 attinet,
511 2888 628 2952 mirum
651 2891 712 2966 est,
742 2888 829 2973 quod
849 2888 1147 2967 animadvertimus,
1175 2887 1222 2951 ita
1247 2886 1340 2951 illum
1361 2891 1530 2952 accentum

356 2993 484 3059 firmum
505 2994 612 3074 fuisse,
635 2998 668 3060 et
688 2998 779 3079 patet
798 2996 863 3059 iam
877 2995 1064 3060 Aristarcho
1086 2995 1214 3059 firmum
1234 2994 1343 3073 fuisse,
1364 2998 1401 3061 ut
1416 3018 1529 3080 quam·

357 3124 454 3186 quam
477 3102 664 3168 abnormem
686 3103 874 3180 iudicarent,
897 3104 974 3188 quia
994 3101 1180 3187 ceteroquin
1202 3102 1383 3167 interiectio
1405 3104 1525 3178 ποποῖ,

356 3212 546 3287 utriendi,
580 3210 873 3277 circumflexionem
899 3211 1093 3296 postularet,
1122 3232 1217 3276 nemo
1238 3214 1346 3275 tamen
1369 3233 1464 3276 ausus
1486 3211 1530 3276 sit

356 3317 390 3379 in
411 3316 472 3381 hac
497 3316 637 3382 formula
663 3318 709 3383 sic
738 3318 885 3386 scribere.
935 3318 1001 3384 Sed
1027 3313 1066 3381 τὸ
1094 3313 1132 3381 dd
1157 3307 1186 3381 oi
1210 3313 1322 3382 πόποι
1345 3316 1531 3404 σημειῶδες

356 3423 484 3508 saepius
511 3425 666 3491 audimus.
691 3448 720 3493 v.
740 3426 893 3512 Apollon.
920 3426 988 3492 adv.
1011 3430 1081 3492 537.
1106 3432 1176 3495 588.
1219 3425 1337 3491 Herod.
1364 3425 1410 3490 Io.
1436 3422 1527 3490 Alex.

355 3555 387 3616 p.
405 3536 455 3600 36.
499 3531 699 3619 Theognost.
721 3556 788 3601 can
812 3539 879 3603 158.
901 3532 1008 3600 Sohol.
1031 3532 1127 3598 Dion.
1150 3554 1196 3618 gr.
1219 3539 1289 3602 946.
1324 3532 1528 3617 Epimerism.

356 3637 452 3706 Hom.
476 3647 536 3708 447
556 3640 608 3706 vel
629 3641 770 3727 Etymol.
792 3641 836 3707 M.
860 3646 931 3710 823.
966 3640 1115 3710 Eustath.
1138 3646 1191 3721 98,
1215 3648 1267 3721 41,
1289 3641 1346 3706 ubi
1367 3629 1395 3704 oi
1417 3634 1529 3705 πόποι

422 3909 448 3950 ⁶2
466 3907 583 3978 Κωφός,
602 3907 677 3977 quod
690 3905 966 3977 onomatopoeticum
980 3910 1028 3973 est,
1046 3908 1082 3962 ab
1094 3906 1176 3963 initio
1189 3906 1297 3963 dietum
1317 3907 1452 3963 derebus
1470 3925 1527 3962 non

356 3991 486 4061 clangore
508 3992 557 4047 sed
579 4009 720 4046 murmure
741 4009 821 4046 aures
838 3990 1010 4046 feriantibus.
1042 3991 1115 4047 Hinc
1132 3996 1208 4059 κῦμα
1225 3986 1342 4061 κωφόν,
1359 3991 1418 4047 sim.
1454 3991 1527 4048 Hinc

356 4075 434 4145 ipsae
445 4094 525 4132 aures
536 4077 575 4132 sic
592 4077 693 4140 dictae,
711 4077 739 4131 h.
757 4094 780 4132 c.
798 4076 829 4131 in
847 4075 948 4145 quibus
965 4093 1016 4146 pro
1033 4076 1108 4131 claro
1126 4079 1155 4131 et
1172 4092 1300 4146 expresso
1317 4094 1384 4132 sono
1403 4096 1528 4133 murmur

355 4164 409 4225 eat,
435 4161 478 4216 uti
496 4179 594 4218 caecus
611 4179 629 4216 a
645 4162 728 4217 rebus
745 4161 782 4215 ad
799 4161 894 4217 oculos
911 4161 1085 4216 translatum
1121 4159 1193 4216 Item
1211 4164 1287 4217 recte
1304 4162 1344 4217 sic
1361 4161 1431 4217 dicti
1448 4163 1527 4228 muti,

355 4245 467 4315 proprie
483 4247 669 4303 mussitantes.
713 4246 784 4301 Tum
805 4246 975 4301 translatum
991 4245 1028 4301 ab
1044 4246 1158 4302 auribus
1181 4249 1211 4303 et
1231 4245 1309 4304 dicte
1330 4248 1418 4317 κωφοί
1440 4247 1527 4303 etiam

355 4346 427 4398 quae
445 4330 513 4386 alios
531 4348 626 4388 sensus
642 4349 701 4389 non
717 4349 767 4387 sua
784 4331 813 4386 vi
830 4333 961 4400 tangunt,
978 4334 1011 4387 ut
1028 4325 1116 4401 κωφὰ
1133 4329 1211 4402 βέλη.
