3425 4934
351 309 387 368 16
490 272 496 284 ’
631 299 652 356 1,
669 297 711 353 De
727 297 852 354 fontibus
870 300 1013 356 doetrinae
1031 299 1232 357 Aristarcheae.

347 467 464 553 quibus
486 491 598 534 sensus
627 469 763 548 deesset,
792 468 997 536 Aristarchus
1026 474 1134 537 autem
1160 471 1201 536 ad
1223 492 1279 536 eos
1301 473 1444 553 (versus),
1465 471 1522 554 qui

345 575 409 641 hoc
429 580 508 661 puta
527 576 599 642 loco
621 579 731 661 (reete)
757 578 857 662 positi
880 582 979 657 erant,
1006 600 1080 644 cum
1105 578 1175 643 aliis
1197 578 1320 644 scihcet
1347 600 1413 645 non
1434 581 1522 644 recte

345 688 568 768 ponerentur‘.

813 911 1044 918 ———

872 1126 913 1202 0.
944 1128 991 1201 ll.

525 1289 662 1375 Didymi
679 1291 757 1356 leber
780 1292 818 1357 de
839 1292 1025 1358 macaron·
1041 1292 1175 1357 editione
1195 1291 1334 1358 Homeri.

345 1398 395 1462 De
423 1397 630 1464 adornatione
655 1398 773 1464 codicis
805 1399 916 1465 Veneti
934 1402 975 1466 A.
1001 1400 1185 1465 Heracliani
1207 1400 1284 1464 leber
1311 1399 1350 1464 de
1370 1397 1524 1484 monodia

840 1506 1020 1574 Homerica.

429 1677 449 1755 ἓ
474 1685 499 1743 1.
543 1673 578 1741 Si
606 1673 735 1759 quidem
760 1671 908 1738 laborum
933 1678 1125 1751 nostrorum,
1155 1695 1237 1757 quos
1263 1673 1399 1739 aliorum
1426 1694 1522 1738 caum

346 1783 553 1868 suscepimus,
581 1781 669 1845 haud
694 1779 965 1846 contemnendum
988 1782 1166 1865 praemium
1199 1786 1248 1847 est
1273 1782 1300 1847 si
1336 1782 1414 1867 quid
1446 1782 1521 1846 inde

300 1897 331 1951 16
345 1891 398 1956 vel
423 1890 464 1956 ad
492 1910 552 1954 nus
578 1888 666 1973 ipsos
692 1910 758 1952 non
790 1894 980 1972 quaerentes
1010 1888 1169 1954 redundat
1200 1889 1423 1968 emolumenti,
1458 1890 1521 1955 hoc

347 1997 552 2064 Aristarchus
580 2000 730 2081 expertus
756 1999 814 2062 est
857 1995 989 2062 Etenim
1018 2020 1114 2081 quam
1140 2000 1242 2062 artem
1264 1996 1427 2063 subtiliter
1449 1997 1521 2062 dili·

346 2111 524 2193 gentesque
546 2108 682 2169 trectare
704 2103 865 2182 docuerat,
887 2125 958 2169 eam
971 2103 1129 2189 Didymus
1151 2109 1219 2170 tam
1240 2106 1369 2192 egregie
1391 2105 1431 2171 ad
1453 2105 1521 2170 edi·

346 2215 452 2280 tiones
471 2212 650 2279 Aristarchi
671 2211 859 2277 Homericas
881 2211 1037 2291 adhibuit,
1058 2218 1095 2278 ut
1116 2213 1197 2277 nihil
1218 2213 1298 2278 mihi
1320 2213 1466 2279 videatur
1486 2213 1521 2277 in

344 2322 408 2387 hoc
429 2342 547 2406 genere
567 2320 648 2406 fingi
669 2342 764 2404 posse
785 2318 966 2404 perfectius.
1008 2319 1175 2386 Eiusmodi
1196 2322 1305 2402 libros,
1324 2320 1428 2405 qualis
1447 2320 1522 2386 Ari-

346 2428 465 2495 starchi
482 2427 543 2493 fuit
565 2427 663 2492 editio
685 2426 828 2506 Homeri,
850 2448 915 2511 quo
938 2430 988 2491 tot
1002 2426 1189 2494 nitebantur
1207 2430 1276 2494 eius
1291 2427 1522 2507 commentarii,

345 2537 431 2603 unde
450 2535 619 2621 proficisci,
641 2556 705 2619 quo
726 2534 829 2600 redire
851 2532 962 2599 schola
983 2535 1052 2599 eius
1076 2535 1227 2616 debebat,
1255 2536 1426 2624 diligenter
1451 2558 1521 2602 esse

345 2645 522 2729 descriptos
544 2641 685 2708 dubitari
706 2641 828 2725 nequit.
873 2641 1026 2708 Attamen
1048 2643 1136 2708 nulla
1154 2646 1279 2711 ratione
1301 2646 1380 2710 satis
1394 2648 1522 2730 poterat

345 2752 458 2834 caveri,
487 2772 527 2816 ne
556 2749 633 2836 quid
661 2749 873 2836 gliscentibus
899 2749 1035 2816 saeculis
1056 2773 1152 2835 prave
1175 2752 1408 2818 describeretur
1434 2774 1520 2818 com·

344 2861 518 2949 pluresque
540 2857 604 2923 loci
618 2857 848 2938 invenirentur,
870 2857 987 2942 quibus
1010 2881 1091 2943 quae
1109 2860 1285 2926 Aristarchi
1306 2860 1464 2926 editiones
1486 2881 1520 2925 se

280 2988 335 3059 (19)
348 2969 582 3056 profitebantur
603 2965 667 3029 iam
681 2986 748 3029 non
763 2964 992 3049 conspirarent
1033 2964 1110 3031 Non
1130 2966 1235 3031 minor
1255 2968 1341 3052 apud
1360 2969 1521 3053 posterio-

344 3093 395 3137 res
425 3072 651 3158 grammaticos
676 3070 853 3138 Herodian
890 3074 1065 3138 auctoritas
1099 3096 1196 3157 quam
1229 3073 1307 3140 oh'm
1342 3076 1521 3142 Aristarchi

344 3178 458 3245 fuerat
501 3183 653 3244 Attamen
674 3179 746 3244 ride
769 3202 866 3265 quam
887 3179 1056 3266 Byzantini
1082 3182 1266 3267 pedissequi
1288 3205 1522 3269 nonnunquam

344 3284 502 3352 librorum
527 3287 650 3351 incerta
677 3286 740 3351 fide
774 3287 998 3353 laboraverint.
1050 3286 1155 3355 Schol.
1184 3289 1281 3357 Dion.
1308 3313 1356 3378 gr.
1384 3298 1454 3372 676,
1484 3299 1522 3360 17

346 3393 525 3461 Herodiani
549 3393 769 3460 definitionem
800 3396 971 3479 prosodiae
1008 3395 1155 3481 explicat,
1190 3399 1281 3464 cuius
1307 3399 1435 3464 initium
1457 3402 1522 3464 est:

346 3494 522 3588 προσῳόία
542 3498 609 3566 ἐστὶ
628 3497 711 3567 ποιὰ
731 3488 826 3579 addes
846 3497 1078 3587 ἐγγραμμάτου
1103 3507 1216 3593 φωνῆς
1239 3500 1350 3590 ὑγιοῦς
1372 3543 1422 3571 -.
1449 3506 1523 3572 Huc

345 3631 536 3697 progressus
557 3610 798 3695 interpretando
814 3610 915 3676 addit:
936 3606 970 3675 tv
991 3609 1133 3689 πολλοῖς
1153 3609 1190 3678 δὲ
1209 3608 1356 3697 βιβλίοις
1376 3607 1523 3697 εὑρίσκε-

345 3741 403 3783 ται
427 3714 485 3783 καὶ
511 3711 652 3806 „circuiet
678 3719 731 3782 ‘ivo
757 3714 840 3803 πρὸς
865 3717 923 3806 τὴν
947 3713 1046 3785 adora
1071 3711 1288 3809 ἀναφέρηται.
1334 3720 1424 3810 Ergo
1459 3723 1523 3789 hoe

345 3826 426 3906 dico,
446 3825 603 3911 paulatim
623 3826 674 3891 vel
695 3825 864 3892 scribendo
887 3833 920 3893 et
940 3828 1201 3895 transscribendc
1216 3830 1438 3897 Aristarcheae
1458 3830 1522 3897 lec·

344 3934 451 3999 tiones
475 3934 614 3999 inaertm
640 3933 741 3998 factes
770 3955 846 4000 esse.
899 3933 977 4000 Fuit
1002 3935 1104 4022 igitur
1135 3936 1261 4022 aliquot
1286 3939 1420 4004 saeculis
1447 3945 1524 4024 post

343 4041 480 4125 perutile
503 4064 584 4125 quae
605 4045 674 4107 tum
695 4044 733 4105 ut
751 4041 974 4108 Aristarcheae
996 4044 1181 4110 ferebantur
1202 4045 1358 4112 lectiones
1380 4047 1420 4112 ad
1441 4047 1523 4112 fido·

344 4171 416 4214 rum
436 4154 719 4214 monumentorum
734 4150 882 4235 regulam
897 4152 1032 4237 exigere.
1061 4149 1231 4219 Praeterea
1253 4176 1326 4220 cum
1348 4154 1522 4231 accederet,

344 4259 382 4319 ut
402 4277 469 4320 non
483 4256 583 4321 semel
601 4255 807 4322 Aristarchus
822 4258 879 4323 sed
898 4258 950 4323 bis
963 4258 1142 4324 Homerum
1160 4261 1320 4341 edidisset,
1341 4262 1403 4328 hoc
1425 4263 1522 4327 etiam

344 4363 482 4446 perutile
505 4364 672 4448 utriusque
695 4364 846 4429 editionis
867 4366 1022 4431 lectiones
1044 4368 1184 4433 interae
1206 4370 1350 4434 conferre
1369 4369 1522 4454 singulis·
