3425 4934
664 342 689 396 2.
714 335 910 407 Mythologioa
1311 343 1369 406 189

547 503 766 571 Uranionea
788 509 821 571 et
842 504 1010 590 Olympii

197 656 457 740 distinguuntun
478 655 619 741 Olympii
635 678 799 741 nunquam
814 649 958 723 Deorum
980 676 1092 741 genua,
1114 655 1202 740 quod
1222 676 1295 719 oum
1310 652 1369 719 Sa·

196 768 293 828 turno
309 768 385 830 erat.
422 759 456 832 Ξ
466 769 527 831 279
547 756 580 849 (ἡ
602 761 720 849 διπλῆ)
742 757 796 828 ότι
815 759 894 840 τοὺς
913 758 991 846 περὶ
1013 754 1144 846 Κρόνον
1164 758 1269 839 θεοὺς
1288 755 1369 826 ύπο-

195 864 392 954 ταρταρίους
405 864 658 955 προσαγορεύει·
680 866 767 954 πρὸς
778 867 818 937 τὸ
834 863 992 949 ,,ὃππότε
1004 893 1064 953 μιν
1077 868 1236 957 ξυνδῆσαι
1247 862 1369 952 Ὀλύμ-

196 987 300 1043 πιοι“
327 981 379 1062 (Α
399 981 491 1062 399),
525 972 578 1043 ότι
606 969 644 1043 ού
674 975 754 1055 τούς
781 975 860 1060 περὶ
884 971 1016 1062 Κρόνον
1044 973 1135 1063 λέγει
1158 970 1369 1062 Ὀλυμπίους.

202 1087 231 1151 0
252 1092 313 1154 225
335 1081 523 1170 άνερτίρους
544 1081 581 1150 δὲ
602 1084 699 1150 καλεῖ
719 1081 776 1150 καὶ
795 1079 1008 1170 Ούρανίωνας
1028 1082 1086 1151 καὶ
1105 1080 1371 1174 ὑποταρταρίους

197 1191 256 1259 καὶ
279 1196 420 1271 Τιτᾶνας
439 1191 518 1271 τοὺς
537 1190 615 1278 περὶ
635 1186 766 1279 Κρόνον
787 1187 899 1272 θεούς.

669 1384 798 1392 »--....,
805 1385 880 1392 -.....

740 1545 837 1613 Zeus

198 1699 371 1782 antequam
393 1696 540 1763 Thetidis
561 1697 710 1783 precibus
733 1700 913 1763 commotus
935 1701 1032 1779 esset,
1054 1696 1247 1766 Graecorum
1269 1699 1371 1785 parti:

198 1804 260 1869 bus
281 1805 416 1872 favebat.
451 1808 486 1869 Κ
505 1812 555 1873 45.
592 1805 645 1870 Ad
667 1805 699 1869 Ω
715 1811 786 1888 527,
806 1805 864 1870 ubi
884 1803 993 1871 fabula
1016 1809 1065 1870 est
1083 1807 1122 1871 de
1144 1806 1271 1872 duobus
1284 1804 1369 1872 Iovis

197 1906 329 1992 πίθοις,
350 1912 430 1979 haee
444 1913 622 1979 adnotavit:
645 1906 677 1998 (ἡ
698 1907 892 1999 oram-iim
906 1909 1061 1977 ἐντεῦθεν
1070 1905 1221 2000 Ἡσιόδῳ
1233 1910 1270 1978 τὸ
1292 1912 1371 1996 περὶ

196 2021 256 2084 τοῦ
280 2014 389 2086 πίθου
417 2015 576 2104 μύθευμα
603 2017 661 2086 καὶ
686 2015 741 2086 ὅτι
768 2014 829 2086 δύο
854 2016 933 2098 τοὺς
957 2012 1086 2098 πάντας
1115 2014 1205 2105 λέγει
1233 2014 1369 2099 πίθους.

196 2122 283 2205 τινὲς
297 2123 334 2193 δὲ
347 2129 412 2194 τῶν
432 2124 599 2214 νεωτέρων
620 2124 679 2194 ἕνα
698 2124 759 2211 μὲν
777 2130 841 2193 τῶν
863 2122 1011 2214 άγαθιῦν,
1032 2125 1093 2193 δύο
1116 2123 1153 2193 δὲ
1173 2129 1238 2194 τῶν
1258 2130 1370 2194 κακῶν

198 2229 352 2316 ἐδέξαντο
375 2237 420 2319 (h.
442 2260 468 2305 e.
490 2241 675 2316 narrarunt,
698 2258 794 2323 prave
815 2236 980 2303 intellecto
1001 2259 1096 2304 varan
1116 2235 1289 2304 Homerico
1312 2235 1367 2324 (ολ

197 2343 305 2429 popul.
332 2345 506 2412 Aufsatzer
533 2368 564 2432 p.
587 2344 666 2430 44>).
708 2344 762 2409 Ar
787 2347 866 2412 Aa
892 2342 978 2422 Διὸς
1005 2336 1037 2409 δ’
1062 2339 1221 2442 ἐτελείετο
1246 2335 1365 2433 βουλή,

198 2446 236 2531 ἐξ
254 2439 295 2516 ού
317 2449 357 2539 δὴ
381 2490 421 2503 -—
444 2458 592 2520 notatum
612 2451 690 2518 hoo:
708 2443 923 2538 Ἀρίσταρχος
943 2443 1114 2532 συνάπτει,
1136 2451 1192 2518 ἵνα
1211 2449 1257 2540 μὴ
1281 2474 1369 2537 παρ-

200 2550 283 2624 οὖσά
315 2582 367 2638 τις
397 2553 567 2647 <προοῦσά
598 2581 650 2637 τις
682 2583 762 2627 oorr.
796 2559 1039 2647 Friodlaender)
1071 2552 1230 2650 φαίνηται
1259 2557 1365 2648 βουλὴ

199 2659 283 2731 καθ’
301 2660 483 2754 Ἑλλήνων,
512 2659 585 2733 ἀλλ’
609 2659 668 2755 ἀφ’
702 2656 741 2733 οὗ
766 2664 887 2753 χρόνου
913 2664 1041 2753 ἐγένετο
1066 2662 1087 2756 η
1110 2671 1219 2758 μῆνις,
1244 2667 1300 2734 ἵνα
1319 2665 1365 2756 μὴ

197 2771 239 2838 τὰ
260 2771 353 2859 παρὰ
374 2777 445 2854 τοῖς
465 2771 638 2863 νεωτέροις
656 2769 836 2860 πλάσματα
859 2769 1044 2859 δεξώμεθα.
1081 2774 1141 2859 (cf.
1165 2779 1204 2842 A
1225 2782 1285 2845 694
1307 2797 1369 2841 κα-

198 2884 257 2947 κοῦ
276 2873 309 2946 δ’
327 2874 391 2967 άρα
415 2875 447 2948 oi
468 2879 570 2949 πέλεν
590 2876 693 2970 ύρχήε
713 2876 929 2971 σημειοῦνταί
947 2906 1033 2962 τινες
1053 2878 1108 2949 ότι
1129 2876 1167 2950 ού
1191 2878 1370 2969 πόρρωθεν

198 2982 538 3079 ηπροαναςσιύνησις·
571 2983 668 3057 κάκεῖ
691 2981 750 3058 σύν
775 2985 837 3058 σύκ
863 2986 921 3058 ἐπὶ
945 2988 988 3057 τὰ
1013 2984 1128 3079 πόρρω
1153 2983 1175 3078 ἦ
1204 2984 1371 3069 άπότασις

199 3093 311 3175 ,Διὸς
338 3090 370 3163 δ’
397 3091 557 3165 ἐτελείετο
584 3093 741 3187 βουλήίῑ.)
784 3099 874 3181 Quae
900 3099 958 3167 illa
978 3099 1195 3168 recentiorum
1214 3100 1370 3188 figmonta

199 3205 327 3284 fuerint,
349 3207 467 3293 quibus
490 3208 529 3273 de
550 3209 654 3275 causis
676 3231 695 3276 a
715 3206 791 3275 Ιστε
812 3208 936 3275 bellum
957 3207 1134 3275 Troianum
1156 3209 1369 3276 constitutum

198 3313 296 3380 fnisse
309 3314 465 3394 ferebant,
486 3317 619 3401 exponit
639 3316 738 3383 schol
759 3316 829 3384 AD.
866 3316 927 3400 (cf.
943 3315 1145 3383 Henriohaen
1161 3338 1256 3384 earm.
1272 3317 1365 3404 Gypr.
1378 3321 1449 3393 (192)

85 3490 97 3515 .
200 3426 239 3490 34
254 3427 337 3507 sqq.)
372 3421 411 3489 In
425 3444 491 3508 qno
505 3428 538 3490 ελ
551 3423 630 3489 haec
643 3423 808 3511 leguntur:
829 3420 946 3490 καὶτὰ
967 3418 1028 3507 μὲν
1047 3421 1140 3508 παρὰ
1161 3426 1232 3504 τοῖς
1252 3420 1366 3491 νεωτέ-

195 3550 268 3612 ροις
288 3523 504 3614 ἱστορούμενα
533 3527 610 3615 περὶ
633 3533 694 3618 τῆς
716 3534 776 3598 τοῦ
796 3529 883 3609 Διὸς
907 3530 1031 3618 βουλῆς
1056 3526 1128 3597 ἐστι
1146 3525 1236 3601 τάδε.
1270 3526 1368 3620 ἡμεῖς

198 3631 236 3700 δέ
257 3659 368 3725 φαμεν
389 3635 475 3703 κατὰ
495 3635 557 3724 τὴν
574 3630 790 3724 Ἀριστάρχου
812 3636 871 3706 καὶ
888 3631 1150 3728 Ἀριστοφάνους
1171 3632 1286 3721 δόξαν,
1308 3644 1368 3727 τῆς

201 3739 340 3823 Θέτιδος
360 3734 447 3811 εἶναι
467 3738 610 3834 βουλήν,
635 3737 679 3834 ἣν
706 3743 742 3813 ἐν
760 3748 832 3827 τοῖς
852 3742 929 3835 ἑξῆς
950 3768 1033 3837 φησι
1055 3739 1290 3814 λιτανεύουσαν
1309 3745 1367 3814 τὸν
1386 3756 1433 3809 192

196 3846 266 3917 Δία
280 3847 457 3940 ἐκδικῆσαι
468 3851 530 3942 τὴν
547 3857 608 3920 τοῦ
629 3851 754 3935 παιδὸς
774 3847 921 3937 άτιμίαν,
945 3852 1102 3940 καθάπερ
1123 3851 1159 3922 όν
1179 3859 1227 3944 τῷ
1247 3878 1368 3942 προοι-

195 3956 272 4047 μίαν.
317 3961 467 4028 Getarum
493 3963 581 4048 qnod
603 3964 922 4031 commemoravimus
944 3986 983 4030 ex
1003 3968 1038 4029 Κ
1058 3972 1098 4032 45
1119 3965 1184 4032 iam
1204 3965 1369 4033 videbitur

196 4069 309 4135 eodem
324 4074 495 4155 spectasse.
517 4109 558 4118 -
579 4073 665 4140 Δ59
682 4068 816 4155 καὶγὰρ
838 4068 903 4156 ἐγὼ
924 4065 1009 4149 θεός
1029 4064 1110 4154 εἶμι,
1134 4068 1228 4157 γένος
1248 4069 1287 4138 δέ
1307 4095 1369 4155 μοι

195 4170 294 4241 ἔνθεν
316 4172 399 4242 ὅθεν
420 4172 487 4244 σοί·
508 4171 568 4243 καί
586 4200 629 4262 με
650 4172 877 4265 πρεσβυτάτην
897 4174 1010 4246 τέκετο
1024 4173 1156 4264 Κρόνος
1177 4172 1368 4268 ἀγκυλομή-

193 4307 264 4372 της,
295 4276 485 4374 ἀμφότερον
512 4288 606 4375 γενεῇ
628 4308 664 4351 τε
685 4283 744 4352 καὶ
765 4281 884 4353 ούνεκα
905 4285 945 4376 οη
970 4280 1173 4375 παράκοιτις
1193 4284 1367 4375 κέκλημαι.

194 4392 303 4460 Schol.
325 4394 369 4460 A:
390 4387 618 4481 πρεσβυτάτην
635 4391 836 4480 τιμιωτάτην
855 4397 921 4466 νῦν.
955 4392 1181 4482 πλαγιασθεὶς
1202 4395 1240 4461 δὲ
1261 4392 1369 4462 ἐντεῦ-
