3425 4934
352 284 414 349 298
802 278 849 336 lv,
872 277 914 334 De
931 275 1068 348 prosodia.

351 445 386 510 in
410 466 464 530 τη,
501 439 655 511 monente
684 444 871 511 Herodiano
902 449 934 509 Φ
962 451 1028 513 162
1060 478 1100 489 -
1131 443 1226 522 Quod
1250 443 1387 510 Photius
1418 444 1518 511 habet

351 574 381 636 p.
402 557 464 621 200
485 546 585 633 λοβόν
599 587 601 591 ν
616 543 781 631 ὀξυτονεῖν
802 573 889 639 φασι
913 550 992 629 τοὺς
1010 548 1089 634 περὶ
1106 543 1319 634 Ἀρίσταρχον
1344 548 1437 633 παρὰ
1457 549 1518 636 τὴν

349 661 466 745 χρῆσιν
487 656 545 724 καὶ
563 656 602 723 τὸ
625 651 717 737 ἔθος,
741 659 882 745 pertinet
896 661 937 725 ad
951 659 1092 745 aliquem
1106 659 1212 726 locum
1231 658 1394 743 scriptoris
1408 658 1518 739 Attici,

350 767 407 832 ubi
427 766 619 833 scholiastae
646 766 749 832 insius
776 765 816 832 de
837 767 947 833 Attica
972 766 1124 851 prosodia
1150 760 1234 847 λαβέ
1263 787 1282 830 a
1307 765 1432 850 vulgari
1455 788 1516 831 usu

350 875 479 958 (χρῆσις
498 870 555 937 καί
575 867 671 957 ἕδος)
694 873 876 939 discedente
897 877 1124 959 exposuerant,
1147 895 1211 957 qus
1230 873 1265 937 in
1285 894 1320 938 rc
1341 877 1379 937 ut
1398 873 1434 937 in
1446 871 1516 937 Ho-

349 981 476 1046 mericis
490 979 611 1047 fuctum
624 981 761 1047 vidimus
778 980 820 1046 sd
834 982 1010 1047 Aristarchi
1031 980 1263 1058 auctoritatem,
1286 1001 1305 1044 a
1326 999 1391 1063 quo
1411 979 1515 1063 primo

349 1086 425 1153 libri
443 1088 629 1153 accentibus
650 1088 792 1154 distincti
814 1091 914 1168 erant,
934 1091 1142 1154 recurrerunt
1163 1124 1203 1135 --
1224 1086 1275 1152 Ex
1295 1085 1395 1152 altera
1406 1085 1517 1151 Photii

350 1197 429 1259 nota
448 1216 479 1279 p.
501 1201 562 1263 510
582 1196 751 1281 σησαμῆνε
781 1191 1044 1279 περισπωμένως
1069 1192 1127 1259 καὶ
1144 1186 1355 1276 Ἀρίσταρχος
1375 1188 1434 1257 καὶ
1453 1188 1517 1257 Σό-

350 1301 480 1377 λεακος·
502 1293 578 1387 ἡδὲ
596 1304 713 1386 χρῆσις
732 1295 852 1385 ἑτέρως
871 1302 1085 1389 intelligimus
1099 1300 1321 1367 Aristarchum
1341 1299 1517 1385 (pertinent

349 1407 430 1473 haec
455 1429 586 1493 quoque
610 1408 652 1474 ad
677 1412 801 1475 certum
832 1411 995 1494 quendam
1020 1413 1136 1494 poetae
1156 1407 1276 1489 locum)
1303 1429 1342 1474 ex
1366 1408 1517 1494 analogia

350 1516 458 1579 etusu
477 1515 612 1599 antiquo
635 1514 759 1582 dedisse
780 1519 922 1602 σησαμῆ,
946 1518 1034 1601 quod
1054 1516 1213 1601 posterior
1232 1536 1309 1581 usus
1330 1519 1516 1599 corruperat

349 1621 384 1685 iu
399 1614 538 1707 σησόμη.
552 1658 593 1670 -
608 1621 680 1700 Quo
696 1623 802 1688 minus
815 1628 937 1690 temere
956 1622 1069 1689 fecisse
1089 1623 1274 1707 putabimus
1295 1621 1383 1705 quod
1404 1626 1516 1687 contra

351 1719 525 1813 όμοχδόλη
539 1730 667 1813 scripsit
688 1733 721 1795 et
741 1729 781 1795 de
800 1730 910 1796 fructu
932 1733 965 1796 et
987 1729 1027 1795 de
1048 1730 1172 1806 arbore,
1193 1727 1311 1793 Athen
1324 1727 1356 1794 Π
1370 1735 1442 1797 53³.
1477 1728 1515 1795 In

349 1832 482 1919 reliquis
510 1857 550 1900 ex
576 1835 638 1901 hoc
660 1858 778 1923 genere
798 1838 888 1922 quod
908 1838 1008 1903 sciam
1028 1858 1095 1903 nou
1115 1835 1239 1902 fructus
1259 1835 1337 1900 item
1355 1836 1460 1902 dictus
1479 1840 1518 1902 ut

348 1941 461 2025 planta
494 1943 607 2025 (σῦκον
639 1947 737 2031 συκῆ,
769 1939 872 2029 ῥόδον
901 1943 1012 2030 pedib
1048 1943 1136 2028 quod
1170 1940 1344 2026 plurimum
1374 1945 1516 2010 interest

349 2046 487 2114 Fructus
505 2070 624 2115 nomen
643 2051 685 2117 ad
698 2051 847 2118 arborem
860 2051 1051 2117 hanalatum
1065 2054 1115 2117 est
1128 2054 1177 2129 (ut
1191 2043 1299 2133 ἐλόο);
1321 2071 1516 2136 quamquam

349 2155 447 2219 etiam
460 2155 502 2219 ad
520 2155 719 2241 reliquorum
739 2158 984 2225 similitudinem
1005 2158 1067 2224 dici
1080 2161 1209 2244 poterat
1222 2158 1319 2224 arbor
1332 2148 1515 2243 ἀμυγδαλῆ.

431 2265 463 2323 Ν
484 2268 546 2330 212
566 2262 706 2348 legimus
727 2256 854 2351 ἰχνόηνε
881 2258 1034 2342 Ἰωνικῶς
1051 2261 1214 2348 μετέβαλε
1233 2261 1291 2330 τόν
1310 2256 1416 2340 τόνον,
1441 2258 1516 2329 ἐπεί

346 2363 385 2431 τδ
401 2359 594 2434 ἀκόλουθον
613 2363 708 2453 λ’χννοί
729 2367 828 2450 ἐστιν,
851 2364 898 2449 ὥς
914 2367 1123 2455 Ἡρωδιανὸς
1142 2367 1178 2435 ἐν
1197 2373 1245 2455 τῷ
1266 2365 1313 2435 ια’
1326 2373 1385 2456 τῆς
1404 2366 1515 2436 καδό-

265 2483 337 2554 (314)
350 2471 418 2541 λου.
459 2475 556 2542 Hunc
576 2476 683 2542 locum
703 2479 812 2565 tetigit
828 2479 965 2547 Lobeck
986 2479 1103 2564 Phryu
1124 2502 1155 2564 p.
1176 2483 1246 2554 302,
1266 2500 1334 2544 non
1354 2479 1432 2544 satis
1453 2479 1516 2544 sibi

348 2580 469 2647 clarum
490 2605 561 2650 esse
582 2584 754 2669 professus
788 2585 914 2672 Tetigit
933 2587 1020 2652 idem
1041 2585 1213 2651 scholiasta
1238 2588 1270 2647 Φ
1289 2589 1359 2663 242,
1377 2586 1435 2652 sed
1455 2608 1515 2652 nec

348 2709 387 2753 eo
402 2688 518 2756 clarius
532 2690 578 2771 fit
597 2713 657 2756 nec
678 2693 902 2759 observatione
920 2693 990 2774 hcc,
1011 2714 1093 2777 quae
1108 2696 1158 2759 est
1170 2693 1256 2778 apud
1270 2691 1515 2778 Theognostum

347 2818 378 2880 p·
396 2802 454 2864 106
475 2799 522 2880 (ct
541 2798 576 2862 in
590 2797 729 2864 Beklreri
743 2800 864 2866 Anecd.
883 2799 1101 2885 ind.p.1asa)
1122 2792 1226 2883 ίχνόα,
1246 2789 1403 2881 optatu,
1421 2791 1515 2882 Ἀρί-

346 2920 486 2983 σταρχος
505 2905 607 2988 (?¹¹⁸¹’)
628 2902 801 2972 συστέλλει
823 2905 863 2971 τὸ
884 2930 906 2971 α
925 2903 983 2971 καί
1003 2901 1140 2972 ἐκτείνει
1161 2903 1198 2970 τὸ
1220 2928 1239 2969 v
1260 2903 1318 2971 καὶ
1338 2929 1515 2990 προπορο·

346 3005 444 3088 ξόνει,
468 3006 653 3100 ἐναλλαγὴν
666 3004 765 3080 τόνον
778 3008 982 3100 πεποιηκώς,
1004 3009 1050 3092 ὥς
1064 3034 1164 3102 φησιν
1178 3005 1394 3095 Ἧρωδιανός
1429 3014 1516 3082 Bels-

347 3115 444 3183 lrerus
464 3121 593 3205 scripsit
612 3113 710 3186 τόνου
732 3118 788 3187 καί
806 3114 934 3202 χρόνον.

428 3222 467 3289 In
493 3227 594 3293 schol.
616 3226 794 3295 Pindaricis
820 3233 1091 3294 commemoratur
1110 3227 1160 3294 01.
1179 3227 1211 3293 V
1231 3237 1272 3297 54
1292 3230 1514 3297 Aristarchum

347 3328 466 3416 legisse
487 3327 619 3416 ὖμιόντα
640 3326 754 3416 ticos,
777 3333 860 3401 alios
881 3328 1011 3417 ὑγίεντα
1032 3339 1083 3417 (ut
1100 3327 1278 3420 χαρίεντα).

427 3437 520 3505 diust
540 3440 582 3506 ad
607 3442 641 3504 Ψ
662 3448 721 3511 116
741 3442 787 3528 <p
815 3447 904 3519 1291,
925 3441 982 3526 44>
1008 3434 1058 3506 ἔτι
1084 3433 1193 3507 ίστόον
1214 3441 1272 3508 καὶ
1292 3438 1346 3511 ὅτι
1367 3435 1437 3508 dno
1457 3447 1515 3528 τῆς

347 3539 473 3631 δοχμῆς
488 3538 513 3632 ἢ
527 3542 650 3634 δόχμης
662 3545 851 3632 βαροτόνως
865 3543 991 3632 γίνεται
1007 3545 1046 3615 τὸ
1068 3542 1215 3629 δόχμιον,
1239 3546 1317 3633 περὶ
1334 3537 1377 3636 ἧς
1389 3544 1517 3627 Αἴλιος

345 3645 526 3730 Διονύσιός
546 3675 649 3743 φησιν
670 3651 770 3722 οὕτω·
802 3647 908 3741 δόχμη
932 3652 971 3720 τδ
999 3647 1268 3738 τετραδόκταλον.
1303 3649 1516 3741 Ἀρίσταρχος

348 3753 386 3823 δὲ
402 3750 513 3838 όξόνει
525 3754 571 3839 ὠς
586 3762 684 3849 δηλοῖ
700 3759 758 3827 καί
778 3755 797 3828 ό
820 3760 968 3846 κωμικός
988 3758 1023 3827 όν
1043 3765 1091 3847 τῷ
1113 3755 1153 3828 οίί
1172 3786 1227 3829 τοι
1248 3756 1279 3828 δ’
1304 3755 1514 3851 ἀφεστήκασι

346 3862 443 3929 πλεῖν
464 3857 488 3953 ἢ
509 3863 570 3933 δόο
592 3864 709 3952 deusd.
749 3866 785 3935 δν
804 3866 929 3956 pinos,
950 3863 1043 3959 φησί,
1064 3873 1136 3948 τοῖς
1155 3863 1403 3954 ἀκριβεστέροις
1422 3864 1515 3936 dm-

345 3966 491 4059 χρόφοις
515 3966 608 4056 ὀξεῖα
639 3970 808 4042 ἐπίκειται
836 3979 877 4066 τῇ
903 3972 1018 4064 πρώτῃ
1048 3975 1198 4066 συλλαβῇ
1222 3974 1307 4043 κατὰ
1332 3975 1371 4045 τὸ
1398 3975 1512 4065 λόχμη,

411 4140 470 4183 ²¹⁸·
487 4139 573 4210 <Vide
590 4140 761 4198 hobeckium
777 4141 886 4214 pathol.
903 4143 983 4198 elem.
1000 4142 1028 4197 11
1044 4161 1072 4214 p.
1090 4143 1145 4210 29.)

411 4223 470 4267 ²1¹st
487 4223 631 4294 <dentrice
652 4226 787 4281 Herodi
808 4245 836 4296 p.
853 4231 917 4292 stt,
942 4232 973 4282 10
995 4230 1053 4282 not
1078 4225 1236 4296 suspicatur
1257 4242 1308 4297 pro
1330 4219 1515 4299 Ἀρίσταρχος

344 4304 479 4376 scriptum
496 4307 580 4366 iubes
598 4308 615 4365 δ
633 4315 684 4380 τῆς
700 4303 881 4376 ἀκολουθίας
897 4303 987 4380 λόχος
1002 4309 1048 4366 vel
1064 4309 1154 4365 simile
1171 4310 1262 4380 quid>
