3425 4934
646 354 670 406 1.
693 349 893 422 mythologice.
1298 363 1355 423 177

187 538 255 583 σαν
280 510 467 603 εἰσάγουσιν
495 511 605 607 αὐτήν.
655 520 715 588 Cui
741 519 906 587 simillima
937 520 1119 587 observatio
1147 521 1241 600 haec,
1271 521 1356 586 unde

185 628 351 712 Astyanax
377 627 464 713 apud
487 627 684 695 recentiores
710 628 881 695 moenibus
905 648 1057 712 praeceps
1084 627 1177 692 datus
1205 628 1356 713 fingatur.

187 733 219 796 Ω
235 738 296 802 735
317 735 543 801 Andromache
566 736 605 802 de
625 735 685 801 filii
706 740 793 802 sorte
815 734 952 801 eiulans:
972 727 996 820 ἤ
1016 756 1067 811 τις
1083 726 1227 814 Ἀχαιῶν
1248 730 1354 821 ῥίψει,
1369 747 1439 818 (181)

183 838 294 926 χειρὸς
312 835 407 920 trev,
431 834 502 908 ἀπὸ
515 835 655 928 πύργον,
678 840 796 928 λυγρὸν
810 836 973 928 itatem:
994 834 1027 929 (ἡ
1044 840 1163 929 διπλῆ)
1185 837 1238 907 ὅτι
1253 838 1359 907 ἐντεῦ-

186 951 250 1014 θεν
271 944 463 1037 κινηθέντος
491 944 524 1016 οἱ
544 944 623 1034 μεθ’
640 946 789 1038 ’Όμηρον
815 947 954 1038 ποιηταί
975 943 1175 1036 ῥιπτόμενον
1195 947 1280 1016 κατὰ
1301 952 1359 1017 τοῦ

185 1049 312 1137 τείχους
331 1050 399 1122 ὑπὸ
423 1060 488 1123 τῶν
505 1053 671 1146 Ἑλλήνων
692 1051 863 1145 εἰσάγουσι
878 1056 937 1124 τὸν
955 1050 1190 1125 Ἀστυάνακτα.

706 1395 846 1475 Antea,

187 1563 269 1609 uxor
288 1542 412 1621 Proeti3
432 1544 518 1630 apud
537 1546 732 1612 recentiores
754 1543 968 1613 Stheneboea.
1004 1548 1037 1607 Z
1057 1550 1125 1614 160.
1160 1544 1258 1611 Pater
1279 1546 1356 1624 eius,

187 1651 279 1718 cuius
310 1673 429 1719 nomen
455 1652 541 1737 apud
561 1658 692 1738 poetam
712 1674 779 1720 non
801 1657 864 1733 est,
891 1653 978 1739 apud
1003 1653 1197 1719 recentiores
1219 1650 1356 1718 Iobates.

186 1764 219 1822 Z
237 1765 306 1829 170.

655 1886 885 1896 ———

661 2011 877 2098 Aphrodite

184 2161 361 2229 secundnm
382 2159 560 2229 Homerum
580 2162 655 2270 Iove
677 2167 763 2232 nata.
795 2167 824 2227 Y
844 2169 913 2232 107.

660 2368 891 2379 ...——--—-

684 2497 854 2585 Apollon

184 2671 205 2715 a
223 2647 384 2728 Paeaone,
406 2648 462 2734 qui
484 2648 616 2714 deorum
636 2650 779 2715 medicus
801 2653 864 2728 est,
885 2649 1041 2729 diversus,
1062 2649 1092 2713 Β
1111 2652 1181 2716 899.
1218 2646 1355 2726 Quidam

183 2754 266 2822 falso
289 2753 441 2822 Paeeona
462 2776 521 2841 pro
543 2755 696 2842 Apolline
721 2759 931 2844 acceperunt,
962 2759 1002 2821 A
1022 2761 1083 2824 113
1111 2756 1153 2840 (v.
1175 2754 1241 2820 soh.
1262 2755 1294 2821 h
1314 2752 1355 2835 1.).

184 2864 330 2948 Apparet
357 2864 396 2929 dc
419 2862 605 2930 Aristarcho
633 2887 773 2931 errorem
798 2887 869 2932 esse
894 2863 930 2930 in
955 2863 1055 2931 schol.
1083 2863 1142 2931 Od.
1172 2861 1193 2925 δ
1218 2866 1286 2930 231.
1312 2877 1420 2928 -119

185 2969 290 3037 Oenea
310 2992 367 3036 cnr
387 2992 462 3037 cum
479 2969 634 3058 Neptuno
656 2973 741 3059 apud
754 2971 1007 3039 Laomedontem
1028 2970 1192 3038 servitium
1213 2969 1356 3051 subierit

184 3081 322 3164 apoeta
341 3100 409 3144 non
428 3079 555 3147 tradita
591 3082 622 3143 Φ
643 3087 711 3149 444.
747 3079 935 3149 Smintheus
957 3080 1061 3146 dictus
1082 3100 1149 3145 non
1170 3100 1191 3144 a
1210 3078 1356 3144 muribus

184 3179 408 3272 (Ἀρίσταρχος
429 3177 580 3270 ἀπρεπὲς
598 3179 728 3274 ἡγεῖται
750 3180 821 3255 ἀπὸ
834 3189 1063 3271 χαμαιπετοῦς
1086 3178 1172 3274 ζῴου
1193 3182 1251 3252 τὸν
1271 3182 1356 3249 θεὸν

183 3287 335 3380 ἐπιθέτῳ
360 3296 598 3382 κεκοσμῆσθαι
621 3286 689 3362 ὕπὸ
708 3299 768 3364 τοῦ
789 3298 964 3384 ποιητοῦ),
990 3296 1045 3362 sed
1067 3294 1108 3361 ab
1129 3294 1209 3363 urbe
1230 3292 1355 3363 Troica.

182 3403 337 3489 Apollon.
359 3404 418 3471 lex.
440 3404 482 3472 Η.
505 3412 576 3475 726.

723 3708 820 3774 Ares

182 3855 318 3924 Iunonis
338 3856 425 3924 filius
448 3860 506 3936 est,
526 3878 594 3923 non
614 3860 652 3923 ut
673 3858 803 3943 quidam
823 3860 941 3943 putant
959 3856 1082 3942 Enyus.
1118 3857 1230 3926 Esar.
1260 3855 1355 3941 Enyo

182 3965 243 4031 dea
262 3965 380 4033 bellica
405 3969 456 4033 est
477 3965 519 4045 (Ε
538 3969 622 4049 333).
661 3963 740 4033 Inde
761 3967 875 4032 Martis
902 3964 1072 4051 epitheton
1091 3963 1260 4050 Enyahus,
1289 3986 1354 4050 quo

181 4094 241 4139 neo
261 4072 374 4159 Enyns
395 4073 481 4140 filins
503 4072 711 4160 significatur,
731 4096 792 4140 nec
813 4073 899 4159 apud
912 4072 1101 4156 Homerum,
1121 4074 1218 4139 sicuti
1238 4073 1272 4137 in
1293 4073 1355 4139 At-

179 4180 320 4247 ticorum
341 4180 473 4263 tubulis,
498 4180 655 4267 Enyalius
681 4181 759 4249 deus
786 4181 931 4248 aMarte
957 4182 1109 4249 diversus.
1155 4182 1186 4245 P
1203 4185 1263 4247 211
1287 4179 1357 4262 (ubi

179 4288 243 4376 leg.
266 4280 346 4353 οὐδὲ
366 4280 414 4366 ὦς
436 4282 469 4355 οἱ
486 4281 635 4356 Ἀττικοί
656 4286 883 4378 διαφέροντα).
919 4289 1033 4356 Martis
1054 4288 1112 4354 filii
1133 4290 1212 4354 sunt
1232 4287 1356 4368 Δεῖμος

179 4402 215 4462 et
239 4389 367 4483 Φόβος,
388 4419 454 4465 non
477 4398 546 4466 eius
568 4399 656 4486 equi,
684 4403 722 4465 ut
742 4398 954 4466 Antimachus
982 4398 1060 4463 fecit
1084 4395 1165 4461 falso
1186 4394 1353 4461 intellecto

220 4498 476 4553 nonsummum.
1107 4499 1138 4549 rr
