3425 4934
350 348 408 410 104
449 336 485 395 H.
507 339 550 395 Do
570 337 744 394 tmtarchea
761 336 960 394 vocabulorum
975 335 1185 392 Homericomm
1200 336 1441 407 interpretatione.

347 508 441 588 titur,
476 508 565 593 quod
592 506 754 573 Oratetem
787 505 969 594 neglexisse
1001 505 1138 583 mireris,
1172 505 1259 590 quod
1286 504 1429 589 Oedipus
1456 527 1522 570 nou

347 619 456 700 potest
475 614 691 681 Troianorum
712 614 849 680 heroum
871 612 1013 698 aequalis
1034 635 1103 678 esse
1125 613 1183 678 sed
1203 616 1340 697 patriam,
1362 635 1428 678 nou
1442 613 1523 678 Dio·

347 722 450 788 medis
472 745 499 788 e.
520 743 552 808 g.
580 723 636 788 sed
658 721 776 807 Tydei,
803 722 859 786 sed
881 721 978 786 simul
999 720 1246 802 consuetudine,
1266 721 1308 786 ad
1328 743 1426 806 quam
1447 744 1523 807 pro-

348 830 488 916 pendere
503 834 636 916 poetam
650 828 859 895 Aristarchus
874 829 1112 894 observaverat:
1135 822 1188 893 ότι
1208 824 1294 913 πρὸς
1313 826 1352 893 τὸ
1373 823 1523 912 δεύτερον

347 932 510 1023 πρότερον
532 929 674 1024 ἀπαντᾷ.
711 935 796 1007 Tum
818 938 939 1023 pergit:
967 933 1025 1001 καὶ
1050 931 1104 1002 ὅτι
1125 929 1159 1001 οἱ
1179 931 1334 1020 νεώτεροι
1353 934 1446 1021 παρὰ
1465 934 1523 1004 τὸν

340 1042 489 1132 Ὅμηρον
507 1041 566 1111 τὸν
584 1037 750 1110 Οἰδίπουν
772 1040 874 1131 φασὶν
896 1037 1014 1111 ἑαυτὸν
1034 1039 1253 1131 τυφλώσαντα
1273 1040 1524 1132 ποδηγούμενον

348 1149 396 1232 εἰς
421 1145 574 1239 Ἀθήνας
599 1147 714 1216 ἐλθεῖν
740 1149 798 1217 καὶ
822 1145 893 1217 ἐκεῖ
911 1150 1112 1238 τελευτῆσαι.
1160 1152 1224 1220 Sed
1250 1175 1333 1238 quae
1359 1156 1524 1241 antiquior

348 1263 458 1329 fabule
482 1262 581 1328 fuerit
609 1259 753 1326 Homero
787 1261 930 1327 iudicata
960 1260 1085 1325 nullum
1117 1261 1263 1326 exstabat
1293 1262 1522 1330 testimouium.

349 1370 501 1438 Attendit
521 1368 633 1455 igitur,
653 1369 681 1435 si
703 1368 782 1452 quid
803 1391 843 1434 ex
862 1368 925 1435 hoc
946 1369 1017 1455 ipso
1039 1369 1111 1435 loco
1134 1369 1205 1435 elici
1225 1371 1343 1454 posset.
1378 1368 1522 1435 Primum

347 1480 424 1545 hoc:
458 1479 516 1542 νύν
540 1471 577 1541 δὲ
601 1468 768 1559 ὁμόλογον
793 1471 847 1541 ότι
873 1471 914 1540 ἐν
939 1471 1093 1563 Θήβαις
1121 1470 1335 1562 ἐτελεύτησεν.
1385 1478 1431 1542 At
1456 1499 1520 1561 quo

347 1586 438 1653 leto?
463 1584 647 1671 Diligenter
670 1584 839 1651 observato
862 1606 923 1649 usu
944 1583 1094 1650 vocabuli
1117 1581 1282 1671 δουπῆσαι
1304 1584 1415 1650 statim
1434 1583 1521 1649 huno

347 1694 488 1758 fructum
503 1693 597 1776 cepit,
620 1692 708 1776 quod
721 1691 788 1757 fato
804 1712 870 1758 non
886 1692 1019 1775 periisse
1033 1691 1205 1776 perspexit,
1226 1692 1283 1757 sed
1296 1690 1381 1757 bello
1404 1692 1522 1776 potius.

349 1800 420 1879 Quo
447 1804 556 1866 tamen
583 1799 657 1865 loco
684 1820 752 1865 non
777 1798 932 1865 substitit.
983 1798 1048 1866 Sed
1078 1798 1225 1886 legamus
1251 1799 1390 1885 primum
1418 1800 1521 1883 ipsam

347 1907 604 1974 annotationem:
636 1903 692 1972 καὶ
713 1902 800 1988 πρὸς
820 1903 859 1971 τὸ
881 1898 1098 1982 δεδουπότος·
1128 1899 1161 1971 οὶ
1182 1901 1438 1995 γλωσσογράφοι
1459 1905 1521 1991 γὰρ

347 2008 384 2080 ἐν
405 2007 482 2080 ἀνθ’
505 2009 579 2095 ἐνὸς
596 2009 799 2102 τεθνηκότος
820 2009 1020 2095 ἐξεδέξαντο.
1060 2009 1097 2079 ἐκ
1118 2009 1355 2099 παρεπομένου
1385 2012 1422 2080 δὲ
1445 2038 1523 2102 νοη-
1585 2046 1587 2048 ’

346 2118 421 2189 τέον
443 2114 588 2208 ότιῆτοι
610 2118 644 2188 ἐν
665 2118 805 2208 πολέμῳ
826 2114 1047 2208 τετελεύτηκε·
1069 2124 1225 2211 ψοφοῦσι
1245 2118 1306 2208 γὰρ
1329 2116 1362 2189 οἱ
1381 2118 1523 2189 πίπτον-

346 2251 414 2309 τες·
441 2225 630 2319 ,,δούπησεν
652 2226 689 2296 δέ
710 2224 860 2295 πεοιόνῑί·
892 2220 919 2310 εἲ
940 2224 1199 2317 κατεκρήμνισεν
1219 2223 1349 2295 ἔαυτόν·
1382 2229 1441 2297 καὶ
1461 2229 1521 2317 γὰρ

349 2327 445 2416 οὗτος
467 2331 485 2404 ό
508 2334 659 2415 δόνατος
678 2336 762 2418 μετὰ
783 2332 913 2426 ψόφου.
948 2336 1043 2403 ΒεΗο
1057 2339 1188 2422 perisse,
1211 2361 1250 2405 eo
1271 2340 1411 2424 primum
1432 2340 1523 2406 duxit

347 2447 594 2514 Homerioorum
619 2448 765 2512 locorum
795 2446 1003 2531 comparatio.
1052 2447 1097 2511 At
1122 2447 1262 2532 pupugit
1284 2447 1347 2513 hoc
1368 2448 1522 2514 animum.

348 2556 420 2635 Quo
444 2556 529 2622 enim
550 2553 639 2622 bello
656 2554 816 2638 Oedipum
837 2554 988 2620 cecidisse
1010 2554 1190 2639 fingamus?
1210 2554 1369 2621 Vocabuli
1391 2560 1522 2642 etymon

347 2664 575 2750 propriamque
600 2662 768 2728 notionem
796 2662 1018 2747 spectantibus
1051 2661 1212 2728 videbitur
1249 2664 1288 2729 de
1320 2665 1409 2730 omui
1443 2687 1521 2731 nece

348 2771 493 2838 adbiberi
514 2771 679 2856 potuisse,
705 2793 787 2854 quae
813 2770 851 2835 fit
880 2792 953 2836 cum
980 2771 1126 2856 strepitu.
1179 2770 1264 2849 Quid
1286 2772 1313 2837 si
1334 2773 1439 2857 prisea
1460 2773 1522 2839 fuit

348 2879 465 2961 fabula,
487 2878 647 2963 Oedipum
663 2877 788 2963 flagitio
804 2881 837 2943 ct
855 2877 974 2943 scelere
988 2876 1150 2962 patefacto
1173 2901 1246 2944 cum
1264 2884 1402 2946 mortem
1424 2903 1538 2966 quae·

347 2991 433 3053 reret
464 3010 503 3054 ex
534 2986 592 3052 illo
619 2987 748 3052 funesta
774 3007 854 3069 rupe
881 3008 951 3050 sese
974 2985 1154 3065 demisisse,
1188 3010 1251 3071 qua
1276 2988 1416 3054 immane
1443 2989 1521 3054 olim

347 3098 529 3160 monstrum
560 3099 611 3159 tot
636 3093 827 3179 praecipites
855 3093 987 3159 dederat
1011 3094 1171 3179 hospites,
1205 3117 1269 3179 qua
1294 3094 1350 3161 illo
1377 3100 1521 3180 tempore

349 3203 443 3269 deiioi
458 3206 491 3267 et
505 3202 567 3286 ipsi
588 3200 705 3267 lusisset
722 3201 887 3286 optatius?
908 3200 981 3267 Hoc
1002 3202 1087 3267 belle
1110 3203 1335 3288 excogitatum.
1368 3203 1415 3271 cf.
1427 3203 1520 3270 Eust.

266 3310 464 3403 (112)<1323‚
489 3310 545 3395 48>
578 3300 600 3397 ἢ
629 3299 680 3385 ὦς
711 3301 1077 3395 ύπερπαθήσαντος
1107 3307 1164 3375 καὶ
1198 3307 1523 3397 κατακρημνίσαντος

349 3412 466 3484 ἑαυτὸν
491 3413 542 3502 (ἐξ
564 3412 694 3505 ὕψους).
746 3417 902 3482 Attamen
933 3418 1110 3498 constanti,
1148 3418 1204 3503 qui
1231 3420 1317 3504 apud
1343 3419 1522 3487 Homerum

350 3525 503 3611 exemplis
524 3526 692 3611 probatur,
718 3524 792 3590 usui
821 3527 949 3589 tantum
977 3525 1128 3592 tribuisse
1158 3530 1196 3591 ut
1220 3528 1410 3611 propensior
1437 3535 1522 3596 esset

349 3635 390 3700 ad
404 3634 534 3700 caedem
553 3634 587 3698 in
609 3632 727 3698 bellica
746 3632 950 3717 expeditione
971 3633 1226 3720 intelligendam,
1247 3635 1395 3701 concludi
1413 3642 1523 3721 potest

350 3765 388 3808 ex
410 3740 598 3827 Apollonis,
623 3740 678 3824 qui
700 3740 785 3807 hanc
807 3741 909 3806 solam
932 3741 1001 3807 eius
1024 3741 1270 3827 explicationem
1293 3749 1523 3810 commemoret

348 3873 380 3935 p.
396 3856 456 3918 286
479 3850 543 3935 (60,
567 3856 603 3915 11
619 3847 693 3933 Be>
716 3846 900 3936 δουπῆσαιτ
921 3851 1093 3937 ψοφῆοαι·
1116 3846 1153 3916 ἐκ
1175 3846 1212 3916 δὲ
1230 3853 1290 3915 τοῦ
1311 3851 1522 3938 παρακολου-

349 3959 492 4034 θοῦντος
518 3948 708 4021 ἀποθανεῖν
726 3947 874 4048 πεσόντα
896 3951 931 4020 ἐν
952 3953 1107 4043 πολέμῳ·
1139 3954 1222 4023 ὅθεν
1244 3956 1301 4024 καὶ
1320 3957 1358 4026 τὸ
1379 3959 1522 4039 „dedos-

349 4058 455 4143 πότος
473 4056 692 4130 Οἰδιπόδαοῑῑ
707 4055 825 4129 deuter
839 4057 858 4127 ὁ
871 4055 1085 4148 Ἀρίσταρχος
1099 4062 1133 4132 ἐν
1153 4062 1292 4155 πολέμῳ
1307 4060 1521 4157 ἀνῃρημένου.

351 4173 413 4237 Vix
434 4173 612 4257 putaverim
634 4172 756 4259 aliquid
777 4172 940 4240 excidisse.
