3425 4934
370 334 392 384 5.
416 328 534 399 Reliqua
551 329 709 400 fragmenta
725 329 946 400 chorographica
964 334 993 387 et
1010 332 1206 405 geographica.
1312 340 1371 404 231

715 493 868 566 Σελλοί.

284 633 315 694 Β
336 635 396 698 659
421 626 481 717 τήν
503 620 588 712 άχεά
612 625 650 710 ἒξ
665 623 806 717 Ἐφύρης
825 635 980 714 ποταμοῦ
1003 624 1074 697 άπο
1095 626 1312 721 Σελλήεντοςι
1338 628 1370 720 (ή

202 737 322 824 ῦιπλή)
343 733 397 802 ὅτι
419 730 583 826 ήἝφυρα
605 735 687 825 αῦτη
711 733 807 819 ἑτέρα
828 733 898 803 ἐστὶ
917 741 977 825 τής
997 734 1183 824 Κορίνθου,
1206 743 1266 827 τῆς
1289 743 1373 806 Θεσ-

201 839 349 927 πρωτίας
371 835 463 910 οὖσα.
503 841 561 910 καὶ
586 840 639 911 ὅτι
665 843 723 911 σῦν
747 849 795 932 τῷ
816 866 837 910 σ
856 841 1043 934 Σελλήεντα
1064 844 1121 914 τὸν
1142 845 1297 931 ποταμὸν
1318 845 1374 915 λέ-

202 974 263 1038 γει,
287 945 346 1040 ἀφ’
367 940 407 1019 οὗ
429 949 467 1018 τὸ
490 955 678 1036 παροικοῦν
698 947 800 1033 ἔθνος
813 952 959 1033 Σελλοῦς
978 954 1086 1021 καλεῖ·
1109 950 1142 1021 οἱ
1163 951 1200 1021 δὲ
1221 952 1374 1038 νεώτεροι

202 1061 305 1143 (Ρίυά.
325 1061 363 1126 fr.
382 1066 435 1145 31)
454 1054 589 1140 Ἕλλοὺς
609 1057 741 1147 λέγουσι
763 1058 998 1150 πλανηθέντες.
1033 1063 1180 1130 Pertinet
1198 1065 1238 1130 ad
1251 1069 1371 1145 11234,

201 1171 258 1237 ubi
272 1169 424 1257 legimus:
445 1162 535 1259 ἀμφὶ
550 1166 586 1235 δὲ
599 1164 738 1235 Σελλοί.·
760 1165 793 1258 (ἡ
810 1171 853 1256 ό.)
872 1168 958 1255 πρὸς
977 1169 1015 1237 τὸ
1036 1173 1097 1259 τῆς
1118 1173 1250 1261 χραφής
1270 1164 1373 1261 άμφί-

202 1275 316 1360 βολον·
346 1271 380 1345 οἱ
407 1273 467 1361 μὲν
494 1275 556 1363 γὰρ
577 1270 737 1357 Σελλοός,
762 1271 795 1344 ολ
816 1275 854 1344 δὲ
872 1276 1007 1357 Ἑλλοῦς
1028 1275 1226 1359 ἐξεδέξαντο.
1262 1279 1315 1344 δεῖ
1335 1277 1373 1345 δὲ

73 1381 76 1386 ’
205 1388 289 1451 νοεῖν
310 1380 355 1464 ὡς
374 1379 464 1452 ἔστιν
483 1380 521 1450 ἐκ
542 1379 691 1472 πλήρους
711 1382 833 1452 Σελλοὶ
853 1389 910 1470 (sc.
931 1411 998 1455 nou
1021 1380 1110 1476 ἀμφὶ
1129 1383 1168 1452 δέ
1184 1378 1212 1452 u'
1232 1379 1371 1471 ‘Eteon-

204 1491 344 1578 καὶγὰρ
373 1485 392 1558 ὃ
420 1491 598 1580 συνορίζων
625 1496 696 1572 τοῖς
719 1489 840 1572 τόποις
864 1493 1018 1578 ποταμὸς
1042 1489 1214 1582 Σελλήεις,
1244 1486 1303 1583 ἀφ’
1332 1481 1373 1559 οὗ

204 1595 286 1667 εἶκὸ
292 1625 310 1679 ς
321 1598 399 1679 τοὺς
411 1596 596 1686 παροίκους
613 1598 757 1680 Σελλοῦς
770 1601 964 1686 καλεῖσθαι.
998 1603 1103 1671 Strab.
1119 1601 1181 1670 VH
1196 1608 1257 1672 328
1271 1595 1372 1669 πότε-

203 1732 260 1792 ρον
281 1705 319 1775 δὲ
337 1707 398 1796 χρὴ
423 1705 531 1793 λέγειν
549 1700 699 1788 Ἑλλοῦς,
724 1701 769 1786 οἷς
789 1705 974 1792 Πάνδαρος,
998 1703 1022 1798 ἢ
1043 1705 1196 1790 Σελλοός,
1221 1703 1266 1788 ὠς
1285 1704 1373 1776 ῦπα-

204 1821 315 1884 νοοῦσι
342 1817 441 1901 (videa
461 1817 684 1884 Aristarcheos
711 1817 897 1903 significari)
926 1811 1004 1903 παρ’
1024 1813 1160 1905 Ὁμήρῳ
1184 1820 1322 1884 κεῖσθαι
1347 1807 1454 1906 ή(24θ)

204 1922 312 2014 γραφή
330 1917 524 2013 ἀμφίβολος
537 1915 621 1991 οὖσα
634 1917 693 1990 οῦκ
709 1920 750 2012 ἐᾷ
770 1920 1044 2008 διισχυρίζεσθαι.
1077 1927 1267 1994 Adscribam
1289 1949 1371 2013 quae

203 2037 379 2119 sequuntur
393 2032 478 2118 apud
492 2032 693 2112 Strabonem,
714 2033 799 2100 unde
814 2035 983 2119 apparebit
1000 2038 1038 2100 ut
1051 2034 1256 2100 Aristarchus
1277 2057 1382 2128 suuni⁴

204 2142 328 2208 duxerit
341 2142 507 2207 attendere
529 2140 607 2225 quid
620 2140 782 2207 Homerus
804 2141 928 2227 aperire
948 2140 1028 2208 velit
1048 2144 1082 2209 et
1102 2145 1140 2209 ut
1152 2141 1371 2227 Apollodorus

203 2251 354 2336 magistro
388 2272 447 2316 ευο
479 2249 651 2316 obsecutus
678 2249 729 2314 ait.
784 2242 969 2332 Φιλόχορος
997 2243 1035 2312 δέ
1067 2269 1151 2334 φησι
1179 2249 1238 2333 (sie
1264 2249 1371 2336 pergit

203 2357 330 2441 Strabo)
360 2355 417 2423 καὶ
451 2354 511 2424 τὸν
543 2353 620 2441 περὶ
649 2349 818 2442 Δωδώνην
848 2349 955 2422 τόπον
985 2350 1098 2437 ὥσπερ
1129 2352 1190 2444 τήν
1221 2348 1371 2440 Εῦβοιαν

199 2458 379 2533 (Ελλοπόαν
400 2464 580 2553 κλήθήναι.
617 2459 675 2530 καὶ
699 2461 760 2549 γὰρ
779 2457 940 2529 Ἡσίοδον
966 2456 1051 2530 οὕτω
1078 2459 1187 2548 λέγειν
1206 2457 1300 2550 „tou
1319 2487 1371 2543 τις

199 2566 358 2661 Ἓλλοπίη
384 2564 571 2660 πολυλήϊος
596 2564 652 2660 ἠδ’
682 2564 856 2654 εὐλείμων·
888 2565 974 2636 ἔνθα
1002 2566 1039 2637 δὲ
1064 2566 1212 2660 Δωδώνη
1237 2594 1289 2650 τις
1316 2568 1368 2638 ἐπ’

202 2678 335 2771 ἐσχατιῇ
352 2671 585 2748 πεπόλιστακί.
626 2674 755 2746 οἴονται
778 2678 825 2759 δέ,
849 2676 950 2768 φησὶν
969 2672 987 2744 ό
1008 2672 1276 2765 Ἀπολλόδωρος,
1299 2672 1369 2746 άπὸ

200 2792 266 2855 τῶν
280 2783 363 2855 ἑλῶν
375 2793 439 2855 τῶν
452 2786 530 2873 περὶ
542 2785 580 2855 τὸ
595 2781 685 2872 ἱερὸν
707 2782 794 2853 οότω
809 2785 1005 2852 καλεῖσθαι·
1026 2784 1082 2854 τὸν
1099 2784 1216 2871 μέντοι
1229 2785 1371 2876 ποιητήν

202 2891 241 2963 οῦ
266 2893 374 2982 λέγειν
394 2890 543 2975 ‘natata
578 2889 665 2961 ἀλλὰ
691 2892 836 2972 Σελλοῦς
860 2890 1096 2980 ὑπολαμβάνει
1123 2893 1201 2973 τοῦς
1225 2892 1304 2981 περὶ
1332 2894 1369 2962 τὸ

202 2998 300 3090 ἱερόν,
323 3003 487 3089 προσθεὶς
499 3000 553 3072 ὅτι
567 3001 623 3070 καὶ
636 2997 821 3090 Σελλήεντά
835 3025 910 3068 τινα
923 2995 1083 3086 ὀνομάζει
1102 2999 1265 3086 ποταμόν.
1292 2995 1369 3071 όνο-

201 3107 301 3198 μάζει
333 3111 393 3197 μὲν
425 3105 483 3181 οῦν
513 3110 593 3181 όταν
618 3114 667 3203 φή
692 3102 864 3198 ,μηλόθεν
888 3106 926 3192 ἐξ
947 3105 1089 3200 Ἐφύρης
1115 3115 1270 3195 ποταμοῦ
1298 3105 1369 3179 άπὸ

202 3213 433 3308 Σελλήεντος“.

702 3515 865 3599 Σίντιες.

283 3676 345 3742 Hic
359 3675 498 3764 populus
514 3678 563 3740 eat
576 3673 731 3738 Lemnum
751 3672 910 3738 habitans.
944 3672 1096 3758 Apollun.
1112 3674 1172 3739 lex.
1189 3671 1283 3736 Hom.
1301 3677 1370 3738 720.

619 4007 744 4073 Troia.
788 4007 956 4073 Troiani.
1386 4029 1435 4080 2³5

288 4167 319 4227 Φ
333 4171 394 4232 544
414 4158 447 4248 (ἡ
464 4160 580 4247 όιπλή)
602 4156 655 4225 ὅτι
676 4151 858 4242 ὁμωνύμως
877 4161 917 4247 τῇ
936 4149 1029 4245 χώρᾳ
1049 4154 1109 4241 τήν
1122 4149 1228 4222 Ἴλιον
1246 4151 1370 4241 Τροίαν

201 4265 338 4358 εἴρηκεν.
381 4272 488 4338 Euan
518 4262 549 4356 (ἦ
568 4267 687 4353 διπλῇ)
716 4263 769 4334 ὅτι
802 4260 834 4333 οἱ
858 4263 918 4354 τήν
944 4261 1086 4331 Ζέλειαν
1113 4257 1279 4342 οἰκοῦντες
1299 4259 1368 4330 ὑπὸ

201 4378 261 4470 τήν
274 4373 366 4470 ’Ίόήν
386 4374 443 4442 καὶ
463 4372 528 4444 ὑπὸ
551 4369 732 4461 Πάνδαρον
756 4377 867 4460 Τρῶες
888 4370 1049 4460 ἐλέγοντο.
1093 4375 1123 4438 Ε
1141 4379 1200 4444 211
1223 4365 1369 4460 ἡγεόμην
