3425 4934
375 290 435 352 354
677 284 710 342 V.
733 278 776 341 De
792 284 897 341 criticis
915 282 1068 340 Aristarchi
1086 286 1249 345 rationibus.

373 446 430 515 ἐπὶ
443 445 504 536 τὴν
526 447 705 535 πρεσβείαν
726 447 927 518 στείλασθαι
947 451 1166 530 δειπνοῦντες.
1203 450 1285 541 φησί
1303 456 1393 537 γοῦν·
1415 448 1546 540 ,,αύτὰρ

372 550 447 624 ἐπεὶ
466 551 608 623 σπεῖσάν
628 551 655 623 τ’
679 553 777 626 ἔπιόν
798 552 834 625 θ’
859 556 939 628 ὅσον
959 553 1067 648 ῆθελε
1088 556 1215 643 θυμός,
1244 554 1389 645 ὡρμῶντ’
1414 558 1451 627 ἐκ
1473 561 1547 627 κλι-

371 658 469 753 σίης“
489 668 587 750 (177).
632 658 770 750 δι’μεινον
797 657 855 734 σύν
885 657 969 748 εἶχεν
995 661 1051 748 όν,
1080 666 1180 757 φησίν
1202 664 1219 734 δ
1239 661 1468 753 Ἀρίσταρχος,
1491 662 1547 754 (εἶ)

372 769 553 858 ἐγέγραπτο
585 765 666 864 ,λίψ
691 770 900 854 ἐπάσαντο“,
930 769 970 839 ἵν’
998 772 1079 842 ὅσον
1103 771 1313 862 χαρίσασθαι
1337 779 1386 862 τῷ
1401 770 1549 856 Ἀχιλλεῖ

371 874 561 965 γεύσασθαι
583 877 688 965 μόνον
708 937 716 954 .
736 935 771 955 ..
804 876 877 948 ἀλλ’
909 879 1001 966 ὅμως
1025 877 1101 951 ὑπὸ
1126 886 1313 971 περιττῆς
1338 877 1549 969 εὐλαβείας

212 1054 215 1061 ,
290 982 487 1067 (376)ούδὲν
506 986 742 1078 μετέθηκεν,
767 988 807 1058 ἐν
829 991 1004 1070 πολλοῖς
1029 988 1152 1071 ούτως
1177 985 1300 1077 εύρών
1325 988 1547 1081 φερομένην

307 1107 357 1158 360
374 1094 444 1184 τῆν
465 1093 688 1186 γραφῆνῖὖθ.
731 1100 776 1168 Et
796 1100 890 1168 haec:
918 1104 949 1164 Γ
967 1108 1028 1171 262
1053 1096 1225 1184 προκρίνει
1245 1097 1306 1182 μὲν
1326 1097 1387 1187 τῆν
1409 1096 1467 1166 διὰ
1487 1102 1548 1164 τοῦ

372 1200 682 1295 εγραφῆνβῆσετο,
705 1205 795 1295 πλὴν
810 1202 848 1275 οὖ
868 1203 1088 1296 μετατίθησιν
1109 1204 1197 1274 ἀλλὰ
1221 1206 1279 1272 διὰ
1299 1210 1359 1274 τοῦ
1380 1232 1402 1272 α
1423 1201 1549 1296 γράφει

372 1306 631 1400 δἈρίοταρχος.
673 1319 703 1381 Β
725 1323 785 1386 665
812 1319 859 1404 βῆ
880 1312 1028 1406 φεύγωνε
1054 1313 1092 1383 τὸ
1118 1313 1180 1399 μὲν
1197 1311 1378 1404 Ὁμηρικὸν
1399 1309 1483 1392 ἔθος
1502 1318 1548 1401 βῆ

372 1416 507 1509 φεύγειν
521 1418 738 1510 προφέρεται.
775 1417 847 1489 ἀλλ’
865 1420 885 1490 ὅ
906 1447 943 1510 γε
954 1417 1169 1511 Ἀρίσταρχος
1190 1420 1228 1490 ού
1250 1420 1445 1510 μετέθηκεν,
1470 1415 1545 1486 ἀλλ>

370 1524 477 1607 ούτως
503 1523 627 1620 γρόφει
652 1534 724 1618 ,,βῆ
753 1527 920 1621 φεύγωνῑί.
967 1557 988 1598 α
1010 1538 1071 1601 337
1096 1535 1143 1618 τῷ
1169 1522 1264 1608 οἶδας
1291 1524 1352 1597 ούκ
1373 1526 1547 1617 ἐχρήσατο.

371 1632 561 1724 Ζηνόδοτος
574 1632 697 1729 γράφει
711 1633 813 1730 ᾕδεις,
828 1632 1042 1728 Ἀρίσταρχος
1050 1636 1088 1706 δὲ
1099 1633 1137 1706 ού
1155 1633 1356 1724 δυσχεραίνει
1369 1642 1411 1728 τῆ
1425 1642 1547 1727 γραφῇ.

370 1745 453 1812 Item
473 1750 513 1812 H
529 1753 592 1818 636
619 1747 726 1817 noluit
752 1772 817 1816 nuo
845 1749 950 1816 deleto
976 1740 1003 1813 τ’
1028 1772 1158 1816 omnem
1187 1749 1356 1816 dubitandi
1376 1748 1546 1814 materiam
1578 1829 1585 1841 ¹

371 1854 493 1925 tollere.
529 1854 616 1934 Quid
630 1858 731 1945 igitur
751 1859 873 1925 veritus
895 1861 945 1924 est
965 1858 1029 1924 nisi
1050 1858 1197 1924 codicum
1215 1857 1462 1922 auctoritatem?
1481 1855 1544 1920 His

371 1962 594 2031 addicentibus
608 1966 773 2033 meliorem
784 1970 817 2032 et
828 1966 1070 2051 exquisitiorem
1080 1966 1182 2031 visam
1188 1964 1362 2031 lectionem
1372 1964 1501 2049 recepit,
1513 1986 1543 2028 v.

371 2071 553 2158 exemplum
562 2094 660 2158 supra
668 2074 812 2159 positum
822 2097 854 2160 p.
862 2073 1044 2143 67²⁵⁸·n0t.
1065 2073 1226 2139 Illiaddas
1237 2072 1422 2138 similehoc
1441 2074 1543 2139 rasa

494 2171 517 2267 ἢ
537 2173 614 2264 τόγε
634 2179 736 2246 νύσσα
756 2178 891 2247 τέτυκτο
913 2179 971 2248 ε’πί
991 2178 1162 2268 προτέρων
1185 2172 1388 2267 ἀνθρώπων,

494 2284 553 2353 καί
572 2288 629 2351 νύν
648 2281 779 2372 τέρματ’
803 2282 908 2377 ἔθηκε
928 2281 1103 2376 ποδάρκης
1123 2289 1196 2367 δῖος
1213 2282 1393 2369 Ἀχιλλεύς.

370 2395 461 2462 Euat
481 2397 513 2461 h
534 2397 553 2461 l.
573 2419 606 2482 p.
630 2402 720 2479 1304,
742 2404 783 2466 24
811 2393 847 2462 ἐν
874 2393 911 2463 δὲ
935 2400 984 2483 τῷ
1011 2388 1060 2484 ,,ῆ
1085 2392 1163 2482 τόγε
1184 2391 1287 2462 νύσσα
1305 2393 1465 2463 τέτυκτο“
1486 2392 1546 2459 καί

371 2499 445 2591 ἑξῆς
471 2525 575 2592 φασιν
598 2497 631 2570 oi
651 2502 796 2571 παλαιοί
817 2500 871 2570 ότι
888 2498 1102 2591 Ἀρίσταρχος
1122 2500 1245 2595 γράφει
1266 2497 1314 2592 ,,ῆ
1333 2499 1411 2588 τόγε
1431 2498 1546 2588 σκίρος

371 2607 546 2697 (σκίρροςῗ)
574 2606 643 2700 ἔην,
674 2615 731 2677 νῦν
759 2602 801 2678 ού
825 2608 910 2679 θέτο
938 2606 1070 2700 τέρματ’
1090 2606 1296 2693 Ἀχιλλεύςίί,
1326 2608 1401 2690 ἑνὸς
1425 2604 1545 2678 τούτου

370 2717 480 2800 στίχου
495 2717 653 2798 τεθέντος
672 2712 729 2786 ὕπ’
753 2716 880 2787 ἐκείνου
903 2714 977 2787 ἀντί
996 2724 1061 2787 τῶν
1082 2713 1236 2807 ἀνωτέρω
1256 2716 1450 2808 γραφόντων
1472 2712 1543 2784 δύο.

370 2827 543 2896 Praeterea
563 2830 681 2897 adeant
701 2829 840 2897 lectores
861 2831 927 2898 sch.
950 2835 982 2893 Z
998 2838 1028 2899 4.

454 2938 519 3004 Sed
538 2939 595 3004 ubi
617 2938 753 3024 duplicis
772 2939 921 3007 leetitmis
942 2961 1046 3024 aequa
1067 2942 1136 3004 erat
1156 2939 1331 3006 auctoritas
1353 2938 1431 3023 qnid
1451 2958 1543 3003 secu·

370 3049 423 3113 tus
450 3049 520 3112 est?
552 3047 694 3134 Egregie
721 3049 816 3114 docet
836 3046 991 3133 Apellen.
1012 3046 1107 3132 Dysc.
1131 3051 1214 3132 synt,
1238 3070 1269 3133 p.
1291 3055 1344 3125 77,
1374 3046 1543 3131 disputans

371 3154 409 3218 de
425 3152 546 3239 duplici
565 3153 704 3222 lectione
726 3158 801 3232 πῶς
823 3148 855 3220 δ’
879 3149 914 3220 ai
935 3161 998 3219 τῶν
1021 3150 1145 3241 Τρώων
1166 3150 1318 3243 φυλακαί
1338 3157 1372 3219 et
1391 3155 1465 3230 πῶς
1486 3151 1544 3218 δαί

370 3260 445 3342 (hoc
471 3262 688 3347 Aristarchus)
714 3265 780 3327 τῶν
805 3255 927 3348 Τρώων
956 3258 1116 3350 φυλακαί.
1160 3256 1276 3343 ,,ἆλλὰ
1304 3255 1461 3350 φαίνεται
1490 3256 1545 3325 ὅτι

368 3366 426 3433 τὸν
436 3361 650 3453 Ἀρίσταρχον
665 3364 767 3435 ἐκίνει
785 3368 823 3435 τὸ
846 3363 971 3453 ἔθιμον
992 3374 1051 3436 τοῦ
1070 3373 1224 3457 ποιητοῦ,
1249 3361 1287 3447 ὃς
1307 3362 1464 3457 συνῆθως
1482 3364 1545 3450 μὲν

370 3471 520 3542 ἐλλείπει
539 3480 611 3556 τοῖς
632 3471 790 3565 όίρθροις,
817 3471 981 3544 συνάπτει
1001 3475 1039 3545 δὲ
1057 3475 1142 3562 μετὰ
1163 3476 1205 3543 τὰ
1227 3471 1384 3561 τυκίσματα
1404 3473 1463 3542 τὸν
1484 3471 1544 3541 δαί

369 3577 561 3667 σύνδεσμον,

450 3687 501 3771 τίς
522 3689 607 3774 δαίς,
629 3690 681 3774 τίς
703 3692 760 3762 δαί
780 3691 902 3779 δ’μιλος
923 3688 977 3762 ὅδ’
999 3689 1137 3773 ἔπλετος

450 3805 519 3868 ποῦ
541 3800 598 3870 δαί
617 3807 696 3892 νηῦς
717 3800 900 3892 emerem

435 4024 474 4067 ²⁵³
509 4021 643 4079 Similiter
653 4021 834 4094 reprehendit
845 4021 999 4077 Homerum
1010 4039 1102 4092 neque
1114 4024 1211 4079 tamen
1224 4022 1317 4076 mutat
1328 4020 1359 4075 Χ
1369 4022 1427 4075 468.
1445 4018 1543 4073 11114.

371 4109 400 4162 Ψ
415 4113 493 4237 8{Ait
511 4161 663 4265 <drinonis
674 4192 783 4265 prioris,
801 4212 828 4265 p.
841 4199 873 4249 67
888 4192 971 4248 huius
989 4192 1127 4249 editionis.
1155 4191 1256 4262 Agitur
1268 4189 1303 4245 de
1316 4192 1341 4244 A
1355 4194 1403 4245 664
1415 4185 1545 4257 exemplo

369 4296 442 4346 „non
460 4280 644 4351 aptissim0.“>

433 4367 473 4408 2⁵⁴
508 4383 527 4421 α
545 4368 602 4423 226,
623 4383 646 4417 ω
665 4369 723 4420 iss.
742 4365 772 4418 Κ
787 4367 845 4419 466.
864 4362 993 4420 eschui
1012 4364 1040 4420 h.
1058 4362 1076 4419 1.
1094 4360 1225 4433 Apellen
1243 4364 1315 4429 synt.
1334 4378 1362 4430 p.
1381 4363 1420 4414 76.
1438 4377 1464 4428 p.
1484 4362 1508 4411 6.
