3425 4934
393 344 454 407 262
846 337 893 393 IV.
916 337 956 394 De
973 336 1112 406 prosodia.

392 508 463 570 tum
485 526 604 570 nomen
626 508 684 584 est,
705 505 807 592 epigr.
823 505 901 572 Call.
915 504 1016 572 XLIII
1039 504 1096 590 <bl
1118 503 1232 587 Schn.)
1254 498 1332 581 (nl
1353 526 1384 589 p.
1406 502 1566 585 222111.)

392 611 443 678 vel
464 612 706 698 unguentariae,
727 612 828 699 epigr.
849 613 936 679 Asel.
952 611 1072 678 XXVII
1095 612 1143 694 (T.
1159 609 1219 697 Ip.
1237 618 1296 680 150
1316 612 1430 695 <anm
1446 610 1515 676 Pel.
1534 611 1566 676 V

395 725 463 800 181,
477 719 534 803 a».
566 719 722 786 Similiter
743 721 951 787 statuendum
973 720 1012 786 de
1034 718 1100 785 illis
1119 719 1310 785 Homericis.
1345 718 1477 799 Auctor,
1492 742 1565 785 cnm

392 827 472 892 haec
492 828 625 893 nomina
645 826 748 907 tinxit
769 850 835 894 non
857 828 1035 914 sapientiae
1056 827 1235 905 severitate,
1256 827 1321 906 sed,
1343 828 1431 911 quod
1452 827 1486 892 in
1505 828 1566 893 bac

394 934 583 1019 quaestione
607 935 693 1001 idem
715 939 779 1014 est,
806 937 913 1020 poesis
932 935 1148 1001 delectatione
1169 935 1285 1000 ductus
1306 939 1368 1013 est,
1391 936 1486 1001 sicuti
1509 937 1567 1021 qui

392 1041 575 1108 Phaeacum
605 1044 738 1108 nomina
762 1043 857 1108 finxit
883 1046 911 1105 θ
940 1051 995 1110 111
1010 1042 1062 1105 ¹⁷².
1097 1041 1187 1127 Ergo
1217 1041 1280 1108 hcc
1310 1043 1396 1120 dico,
1427 1043 1482 1128 qui
1511 1066 1568 1109 ex·

394 1149 560 1236 cogitabat
579 1150 659 1215 haec
673 1150 814 1227 nomine,
834 1149 978 1216 noluisse
993 1171 1049 1215 eos
1064 1149 1122 1233 qui
1134 1148 1283 1214 audirent
1296 1149 1568 1235 significationem

393 1258 502 1335 celari,
529 1258 586 1323 sed
606 1257 765 1342 placuisse
787 1257 850 1323 sibi
872 1256 975 1322 sicubi
997 1256 1201 1323 commodum
1223 1259 1309 1323 esset
1328 1256 1362 1322 in
1384 1259 1567 1343 aperiendo.

393 1365 499 1443 Quare
521 1387 580 1432 nec
601 1364 666 1431 alio
688 1364 785 1430 modo
807 1365 848 1430 ad
863 1364 1067 1430 muliebrium
1081 1363 1325 1429 similitudinem
1339 1364 1567 1433 transformare

392 1472 496 1538 voluit
520 1494 581 1539 nec
602 1469 758 1560 Νημέρτη
786 1473 891 1539 dicere
913 1474 963 1555 (ut
984 1464 1159 1556 Εὐτέρπη),
1184 1471 1241 1537 sed
1268 1471 1376 1537 tenuit
1398 1464 1570 1561 Ἀψευδής

393 1584 426 1645 11
448 1572 624 1666 Νημερτής
648 1580 869 1646 adiectiva¹⁷³.
910 1578 980 1646 Nec
1010 1580 1052 1646 ab
1081 1580 1201 1645 nostn's
1226 1579 1332 1663 poetis
1358 1578 1436 1645 11111
1462 1581 1569 1646 aliena

393 1690 477 1752 sunt.
520 1686 574 1752 Sic
607 1688 642 1751 in
670 1688 810 1754 carmine
839 1689 878 1753 de
911 1687 1027 1753 callida
1055 1685 1227 1772 vulpecula
1252 1708 1361 1766 ursus,
1385 1687 1420 1751 in
1446 1710 1510 1772 quo
1532 1689 1567 1754 in

392 1795 558 1881 proprium
579 1794 699 1860 evaluit
720 1818 740 1860 a
760 1795 869 1861 colore
885 1799 1014 1880 sumpta
1028 1794 1257 1872 denominatio,
1271 1794 1408 1860 subinde
1423 1795 1568 1880 appella·

394 1906 449 1968 tur
474 1897 678 1978 ἒπιθοτικῶς
704 1903 774 1986 (der
798 1902 950 1985 Braune).
982 1944 1021 1954 -
1054 1894 1241 1987 Νημερτής,
1275 1922 1371 1987 quam
1399 1904 1568 1968 commode

392 2011 487 2076 nobis
520 2026 685 2076 occurrere
716 2009 854 2075 vidimus
882 2012 915 2076 in
938 2009 1178 2095 Empedoclem,
1204 2008 1333 2075 transiit
1365 2031 1494 2094 quoque
1525 2010 1568 2076 ad

392 2118 579 2198 Hesiodum,
600 2116 805 2205 Γ,1111111262

475 2223 651 2312 Νημεριής
671 2216 720 2301 θ’,
745 2214 769 2310 ἢ
789 2221 918 2306 πατρὸς
938 2218 1005 2305 ἔχει
1026 2217 1104 2291 νόου
1126 2216 1328 2290 ἀθανάτοιο.

237 2330 258 2418 “,
309 2326 493 2399 (1111111111
521 2337 554 2399 11
578 2332 666 2397 hunc
691 2335 822 2416 poetam
844 2333 1020 2399 advertisse
1045 2335 1186 2399 nominis
1211 2332 1497 2420 significationem,
1529 2338 1567 2399 ut

392 2439 575 2525 explicaret.
616 2439 735 2504 Herod.
763 2440 878 2506 Arcad
899 2465 930 2526 p.
951 2447 991 2510 28
1011 2438 1053 2506 τὰ
1080 2435 1127 2518 εἷς
1151 2464 1209 2527 της
1235 2434 1475 2522 πολυσύλλαβα
1499 2444 1566 2526 dq-

393 2544 475 2611 λυκὰ
496 2541 705 2629 βαρύνονται.
741 2543 779 2612 τὸ
795 2543 833 2612 δὲ
848 2542 1009 2634 νημερτής
1030 2542 1201 2617 ἐπίθετον.
1237 2548 1286 2613 De
1300 2547 1375 2613 loco
1389 2547 1564 2614 Homerico

392 2655 523 2741 cchtat
561 2654 715 2721 (lanieras
738 2654 1000 2722 Oboeroboscum
1021 2656 1062 2722 ad
1079 2654 1240 2722 Theodos.
1263 2660 1394 2741 111731
1414 2656 1501 2740 (352,
1527 2664 1565 2724 18

392 2760 508 2847 (taisi.)
525 2759 563 2828 τὸ
580 2755 741 2847 νημερτής
762 2753 961 2844 ὀξυυόμενον
982 2756 1029 2840 ὡς
1047 2760 1141 2845 παρὰ
1159 2764 1207 2848 τῷ
1228 2766 1351 2852 ποιητῇ
1365 2755 1566 2849 ,,Νημεριη’ς

391 2891 426 2934 re
455 2866 512 2934 καὶ
539 2861 709 2957 Ἀψευδής
736 2876 801 2918 -“
830 2861 891 2934 οὐκ
919 2858 1103 2934 ἀντίκειται
1135 2865 1227 2956 ἡμῖν,
1259 2866 1379 2957 ἐπειδὴ
1403 2863 1564 2936 ἐπίθετόν

391 2971 489 3058 ἐστιν,
512 2964 585 3041 οἷον
607 2970 625 3040 ὁ
648 2973 808 3064 νημερτὴς
828 2969 1013 3062 ἅνθρωπος
1035 2971 1131 3063 καὶὴ
1158 2975 1316 3064 νημερτὴς
1337 2971 1417 3065 γυνή
1433 2997 1486 3026 -·
1508 2974 1565 3042 καὶ

393 3082 515 3150 λοιπὸν
535 3078 709 3170 γινόμενον
729 3083 842 3169 κύριον
862 3082 923 3172 τὴν
944 3078 1045 3172 αὐτὴν
1065 3078 1161 3151 τοῖσιν
1183 3080 1336 3173 ἐφύλαξε.

327 3292 376 3345 roc
476 3277 495 3361 9
517 3283 546 3345 8.
588 3276 660 3343 Hoc
685 3277 787 3365 igitur
818 3278 1000 3364 exemplum
1027 3276 1169 3344 declarat
1188 3276 1223 3343 in
1243 3275 1410 3343 vocabulis
1430 3280 1565 3341 accentu

392 3383 628 3470 distinguendis
653 3386 777 3453 ratione
804 3385 853 3452 uti
874 3385 1098 3452 Aristarchm
1118 3389 1151 3452 et
1171 3385 1422 3470 haudquaquam
1443 3388 1565 3449 temere

391 3512 496 3576 agere
534 3490 624 3559 Haec
647 3494 850 3580 praeparatio
873 3498 943 3559 estc
968 3497 1006 3560 ut
1027 3494 1097 3558 sine
1119 3494 1235 3560 erroris
1256 3492 1398 3578 periculo
1419 3490 1565 3577 legamus

391 3597 471 3665 haec
491 3598 677 3679 Herodiani,
700 3602 741 3667 ad
764 3604 874 3669 13153
898 3593 1040 3687 οὐρούς
1058 3593 1085 3665 τ’
1110 3595 1348 3684 ἐξεκάθαιρονε
1369 3590 1564 3683 ἀνεγνώσθη

460 3800 498 3842 111
513 3800 664 3865 Ναύπλιος
681 3801 851 3871 Κλυτονήου
872 3801 1062 3871 Ναυβολίδαο
1080 3799 1209 3871 Apellen.
1232 3799 1284 3856 Itb.
1302 3800 1314 3853 1
1334 3804 1390 3857 134.
1408 3798 1500 3854 -01,
1518 3799 1564 3855 ob

392 3883 577 3940 servatorem
589 3883 743 3940 Aristarchi
755 3878 802 3939 ὅτι
815 3875 1094 3951 ὀνοματοθετικὸςὸ
1113 3888 1241 3957 ποιητής.
1272 3886 1349 3942 Edu.
1368 3886 1392 3939 Z
1404 3889 1444 3940 18.
1464 3884 1497 3938 Μ
1506 3889 1564 3939 342.

459 3970 497 4012 111
515 3968 727 4025 Attendendum
739 3968 794 4024 erit
807 3967 843 4023 ad
854 3966 1023 4023 feminarum
1035 3968 1151 4024 nomina
1167 3969 1198 4024 in
1217 3988 1256 4036 υς,
1275 3986 1347 4040 quae
1364 3985 1457 4040 panca
1473 3972 1565 4024 erunt

387 4046 474 4121 Ἄλος,
490 4071 517 4111 v.
535 4054 631 4125 steph.
649 4053 679 4108 B.
699 4072 719 4108 s.
737 4070 762 4108 v.
779 4046 929 4121 Ἄτροπος.
951 4052 1131 4126 Πάνδροσος.
1145 4049 1307 4124 Ἄγλαυρος.
1326 4084 1360 4095 -
1377 4051 1564 4126 Ilipaeoetoct

390 4139 422 4193 X
422 4134 527 4203 ἱλωνος
543 4139 675 4209 θυγάτηρ
687 4137 820 4193 Herodot.
833 4136 872 4191 VI
883 4141 924 4194 65.
948 4135 1075 4210 Αὐρηλλᾳ
1086 4132 1231 4213 flaccido
1243 4137 1272 4194 C.
1284 4137 1305 4191 1.
1318 4142 1393 4195 6562.
1405 4168 1440 4178 -
1450 4134 1564 4210 Νρμέρ-

391 4239 443 4291 της
462 4224 492 4278 11
512 4214 647 4293 hasdans
666 4222 791 4293 profecto
814 4219 927 4277 Graecis
952 4221 1064 4277 auribus
1085 4239 1143 4277 non
1163 4223 1303 4278 sonabant
1323 4219 1378 4276 nisi
1400 4221 1493 4276 viniis
1514 4239 1564 4277 no·

391 4304 476 4362 mina.
506 4306 641 4377 Ἄψούδης
650 4306 755 4364 archon
766 4305 848 4367 Diod.
863 4311 902 4371 12,
914 4310 955 4365 tt.
981 4307 1094 4379 Εὐεπής
1108 4321 1211 4361 nomen
1227 4306 1366 4377 γυναικὸς
1375 4311 1565 4377 μουσουργοῦ

391 4389 606 4462 omphalis.
1397 4426 1406 4443 .
