3425 4934
340 316 380 377 98
432 308 465 362 11.
483 306 524 362 De
543 305 720 363 Aristarchca
738 304 939 360 vocabulorum
956 304 1166 361 Homericorum
1182 305 1424 377 interpretatione.

339 470 426 554 ίσκε,
455 468 528 540 ἀλλ’
556 472 616 541 ἐπί
640 477 700 541 τοῦ
726 466 868 555 ιδμοίου·
902 466 1069 561 ἠπάτηται
1096 466 1154 541 οὖν
1175 468 1194 544 ὃ
1218 472 1455 562 διασκευαστὴς
1476 471 1513 538 ἔν,

339 588 398 649 τοῦ
424 577 497 649 ἴσκε
523 579 653 664 ψεύδεα
678 582 792 649 πολλὰ
815 621 865 648 —-.
891 583 981 662 Quae
1006 585 1093 649 haud
1123 584 1219 649 dubie
1245 585 1316 668 ipsa
1343 586 1420 648 aunt
1441 582 1514 649 ΑΠ’-

341 693 457 758 stonici
472 692 576 758 verba
597 692 642 758 Et
655 691 835 777 putaverim
849 691 929 757 haec
944 713 1083 777 quoque,
1098 713 1181 777 quae
1195 691 1236 756 ad
1250 692 1390 776 priorem
1405 692 1513 758 locum

292 814 325 863 98
342 800 533 866 Euatathius
555 800 688 866 tradidit
710 800 756 886 (p.
780 804 869 879 1861,
890 800 960 885 52>,
986 800 1162 865 Aristonici
1184 798 1298 864 acholii
1319 798 1438 865 habere
1459 821 1514 864 ve·

340 909 438 993 stigio
458 907 641 974 manifesta:
670 904 709 972 τὸ
738 904 774 972 δὲ
800 900 892 972 ἴσκεν
917 901 950 971 οὶ
975 903 1036 989 μὲν
1063 903 1327 994 γλωσσογράφοι
1354 899 1428 971 ἀντὶ
1455 909 1515 971 τοῦ

340 1012 450 1100 ἔλεγεν
471 1011 672 1101 ἐκδέχονται,
695 1010 727 1081 οἱ
750 1011 787 1079 δὲ
808 1008 1037 1099 ἀκριβέστεροι
1061 1007 1134 1080 ἀντὶ
1153 1017 1212 1080 τοῦ
1232 1006 1362 1102 trano,
1386 1008 1405 1079 ὅ
1427 1010 1515 1079 ἐστιν

341 1117 471 1204 είκαζεν
497 1116 717 1203 ἅπεικονίζιον
743 1120 829 1207 πρὸς
850 1116 1027 1210 ἀλήθειαν.
1067 1122 1106 1190 V.
1126 1123 1249 1189 Buttm.
1275 1122 1338 1187 lex.
1359 1120 1390 1186 II
1412 1143 1443 1206 p.
1466 1127 1515 1200 84,

343 1234 399 1319 qui
425 1234 487 1298 hac
515 1237 620 1298 aetate
651 1232 732 1298 illud
766 1254 828 1297 noa
856 1231 1048 1296 vocabulum
1077 1234 1163 1295 recte
1195 1229 1369 1295 diiudicare
1398 1230 1517 1307 docuit,

342 1341 578 1407 Aristarcheam
614 1341 860 1405 intermortuam
897 1339 1075 1404 doctrinam
1111 1338 1173 1403 sibi
1212 1338 1344 1403 excitari
1380 1337 1515 1402 nescius.

342 1449 446 1527 Quam
479 1450 595 1514 dicitur
623 1448 829 1514 Aristarchus
857 1448 892 1511 in
925 1469 963 1511 ea
988 1468 1067 1511 voce
1095 1449 1224 1511 secutus
1254 1466 1325 1511 ease
1356 1443 1516 1510 scribendi

342 1558 510 1635 rationem,
535 1557 574 1621 de
596 1578 634 1622 ea
655 1555 737 1621 alius
759 1555 887 1620 dicendi
908 1554 998 1619 locus
1020 1557 1078 1619 est

759 1889 941 1972 Στεῦται,
963 1888 1100 1951 στεῦτο

497 2054 543 2106 cat
564 2042 618 2123 „io
639 2063 776 2104 ιιιιιντιιιιη
797 2039 998 2116 ιοιλιιεεδαῦί,
1020 2061 1183 2123 nunquam
1205 2037 1363 2119 „atabat“.

425 2207 511 2271 Hinc
538 2205 715 2270 iudicatum
736 2206 880 2291 spurium
903 2227 972 2270 ease
991 2204 1100 2269 locum
1123 2201 1266 2268 Necuiae
1287 2208 1348 2271 584
1371 2203 1409 2268 de
1431 2202 1519 2267 Tou·
1580 2181 1583 2187 Ι

348 2313 425 2379 talo:
447 2316 560 2378 στεῦτο
584 2308 621 2376 δὲ
642 2305 779 2398 διψάων
800 2350 855 2377 -.

430 2425 456 2483 Γ
468 2427 508 2489 83
522 2412 554 2508 (ἡ
565 2417 681 2506 διπλῆ)
691 2415 790 2486 ὅτιτὸ
801 2423 931 2485 στεῦται
944 2411 1016 2484 ἀντὶ
1026 2421 1086 2484 τοῦ
1097 2414 1182 2482 κατὰ
1195 2414 1350 2483 διάνοιαν
1361 2409 1519 2503 ὁρίζεται.

225 2608 228 2613 ¹
343 2531 373 2592 Ε
384 2533 445 2596 832
460 2518 491 2616 (ἡ
511 2526 628 2616 διπλῆ)
643 2525 730 2613 πρὸς
742 2525 780 2591 τὸ
795 2531 921 2607 στεῦτο,
946 2523 998 2593 ὅτι
1012 2525 1050 2591 τὸ
1066 2523 1151 2590 κατὰ
1171 2521 1325 2592 διάνοιαν
1347 2521 1520 2610 διωρίζετο

343 2631 363 2724 ἡ
379 2633 469 2715 λέξις
489 2632 652 2720 σημαίνει.
690 2639 720 2698 Β
734 2644 795 2705 597
816 2631 927 2701 ὅτιτὸ
950 2638 1065 2700 στεῦτο
1087 2631 1172 2698 κατὰ
1195 2629 1349 2700 διάνοιαν
1370 2626 1517 2720 ὡρίζετο,

344 2739 404 2810 οὐκ
425 2740 484 2809 ἐπὶ
503 2750 560 2833 τῆς
579 2747 646 2808 τῶν
666 2742 783 2809 ποδιῦν
805 2736 965 2821 στάσεως,
989 2736 1035 2819 uic
1055 2738 1089 2806 ἐν
1109 2744 1181 2818 τοῖς
1201 2740 1285 2807 κατὰ
1307 2739 1366 2830 τὴν
1387 2738 1521 2806 νέκυιαν
1544 2746 1552 2769 ‘¹

342 2845 566 2939 ηθετημένοις
593 2854 734 2931 ,,οτεῦτο
763 2847 800 2916 δὲ
822 2849 992 2940 διψάωνῑί,
1035 2854 1132 2918 1241
1156 2853 1303 2915 στεῦταιτ
1324 2843 1520 2934 διορίζεται·

261 2968 333 3039 (107)
345 2953 461 3025 στάσιν
492 2958 554 3044 γὰρ
581 2961 689 3048 ψυχῆς
719 2954 874 3044 σημαίνει
907 2952 928 3047 ἦ
964 2955 1060 3037 λέξις.
1115 2951 1136 3044 ἡ
1167 2955 1204 3023 δὲ
1235 2955 1436 3048 ἐπαναφορὰ
1464 2960 1522 3046 τῆς

345 3060 556 3157 σημειώσεως
576 3064 663 3151 πρὸς
681 3063 720 3133 τὸ
742 3062 778 3131 δν
795 3059 973 3154 Ὀδυσσείᾳ
993 3067 1128 3150 ,στεῦτο
1149 3060 1186 3130 δὲ
1206 3065 1374 3154 διψάωνῑί.
1414 3069 1445 3129 Φ
1459 3071 1521 3132 455

346 3170 378 3264 (ἡ
402 3175 518 3264 διπλῆ)
540 3172 652 3241 ὅτιτὸ
679 3177 791 3240 στεῦτο
813 3171 899 3238 κατὰ
921 3169 1076 3239 διάνοιαν
1094 3164 1247 3255 ὡρίζετο,
1277 3172 1518 3257 διεβεβαιοῦτο,

346 3283 432 3368 πρὸς
443 3282 486 3348 τὰ
508 3280 544 3348 ἐν
563 3285 604 3372 τῇ
625 3277 738 3369 νεκοίηι
759 3273 980 3365 ἆθιτοῦμενα.
1018 3281 1091 3348 sch.
1109 3280 1128 3343 λ
1143 3286 1205 3350 584
1226 3284 1317 3364 (item
1331 3283 1521 3363 Aristonici)

346 3392 470 3458 ἵστατο.
492 3395 546 3455 νῦν
569 3387 626 3455 ἐπί
650 3393 716 3455 τιῦν
741 3390 870 3456 ποδῶν·
898 3386 1054 3477 κέχρηται
1075 3386 1113 3454 δὲ
1132 3393 1172 3479 τῇ
1191 3386 1278 3469 λέξει
1303 3385 1322 3457 ὁ
1344 3389 1522 3456 διασκευα-

347 3498 426 3588 στίης
445 3496 539 3582 παρὰ
560 3497 619 3588 τὴν
639 3500 700 3562 τοῦ
724 3500 867 3585 ποιητοῦ
888 3494 1079 3585 συνήθειαν.
1125 3497 1231 3565 Schol.
1259 3498 1350 3565 Pind.
1372 3497 1421 3564 01.
1444 3496 1459 3562 Ι
1481 3504 1521 3567 97

348 3610 417 3694 (qui
438 3609 596 3693 Didymus
619 3607 691 3690 erit)
711 3602 860 3691 Ὅμηρος
887 3602 925 3670 δὲ
952 3599 1054 3673 αὐτὸν
1074 3601 1192 3690 ἑτέρως
1212 3600 1396 3692 ὑποτίθησι
1417 3627 1521 3687 τιμω-

348 3719 498 3801 ρεῖσθαι·

472 3815 598 3889 ἑσταότ’
623 3819 658 3887 δν
679 3814 829 3908 Mami)
853 3816 891 3885 δὲ
911 3817 1125 3904 προσέπλαζε
1146 3816 1273 3908 γενείῳ·

474 3933 587 3995 στεῦτο
610 3927 647 3995 δὲ
668 3925 814 4018 διψάων,
839 3924 947 3993 πιέειν
969 3921 1002 3993 δ’
1027 3922 1087 3995 οῦκ
1110 3920 1194 4010 εἶχεν
1214 3924 1357 3994 ἑλέσθαι

349 4037 471 4106 καὶτὰ
498 4033 582 4128 ἑξῆς·
612 4035 699 4125 πλὴν
725 4031 756 4102 εἰ
782 4034 828 4125 μη
854 4034 940 4100 κατὰ
964 4033 1022 4101 τὸν
1043 4030 1257 4120 Ἀρίσταρχον
1282 4030 1372 4103 νόθα
1400 4028 1463 4101 εἶσί
1482 4033 1522 4100 τὰ

350 4144 413 4234 ἔπη
433 4150 545 4212 ταῦτα.

432 4256 524 4321 Dixit
544 4276 631 4320 nunc
652 4253 692 4319 dc
714 4276 753 4319 ea
772 4275 807 4317 rc
827 4249 1014 4318 Nitzschius
1035 4253 1076 4318 ad
1097 4251 1118 4315 λ
1139 4258 1215 4321 5843
1240 4253 1325 4331 „Das
1346 4251 1445 4318 Wort
1465 4254 1523 4319 be·

352 4364 462 4428 deutet
484 4363 616 4445 uberali,
636 4362 696 4427 mit
716 4362 837 4426 seinem
858 4359 976 4438 Sinna,
998 4362 1059 4426 den
1081 4360 1157 4426 bald
1178 4357 1293 4425 Worte
1315 4362 1381 4426 und
1403 4360 1523 4427 Gesteu
