3425 4934
681 1143 898 1227 INDEX

453 1346 827 1420 dissertationum
856 1358 899 1418 et
926 1349 1133 1440 capitum.

672 1693 864 1758 Dissertatio
885 1691 910 1757 1.

464 1807 514 1871 De
535 1807 680 1893 fortitus
700 1809 862 1874 dinastiae
883 1809 1113 1873 Arararcteae.

206 1959 273 2020 (tl
321 1980 351 2036 p.
398 1967 504 2023 1-16.
548 1960 710 2024 Aristonici
733 1963 809 2023 liber
831 1964 868 2023 de
888 1964 967 2023 notis
988 1961 1163 2023 Aristarchi

204 2067 234 2130 C.
255 2067 285 2126 II
320 2089 349 2145 p.
371 2073 501 2130 16—32.
542 2068 661 2148 Didymi
682 2070 758 2131 liber
778 2071 815 2130 de
837 2070 1004 2131 Aristarchi
1024 2069 1153 2129 editione
1167 2068 1299 2130 Homeri.
1335 2068 1378 2127 De

282 2175 474 2236 adornatione
486 2176 594 2237 codicis
601 2178 710 2238 Veneti
717 2178 922 2239 AHerodiani
934 2178 1009 2238 liber
1017 2177 1053 2237 de
1068 2177 1205 2255 prosodia
1212 2175 1377 2238 Homerica.

203 2281 234 2342 G.
257 2281 303 2340 III
323 2303 351 2359 p.
371 2289 504 2347 32-35.
548 2284 591 2343 De
613 2285 670 2345 fide
690 2286 772 2345 codd.
793 2286 818 2344 L
839 2289 870 2346 et
891 2287 918 2343 V
940 2292 971 2345 et
991 2286 1150 2345 Eustathii.

662 2446 855 2512 Dissertatio
877 2446 918 2512 Il.

259 2561 307 2627 De
327 2562 535 2627 Aristarclrea
556 2563 776 2628 monoceron
798 2565 1037 2629 Homerrcnrum
1062 2565 1325 2649 interpretatione.

206 2733 235 2791 O.
257 2732 272 2790 I
294 2753 322 2809 p.
346 2739 384 2796 36
394 2767 433 2776 -
446 2740 495 2796 51.
530 2734 698 2811 Exponitnr
720 2734 792 2810 qnid
806 2738 877 2794 ante
892 2735 1102 2797 Aristarchum
1116 2735 1149 2795 in
1163 2736 1377 2795 vocabulorum

286 2840 533 2916 interpretatione
546 2842 745 2918 grammatica
759 2842 939 2918 praestitum
953 2843 1103 2903 rideatur.
1132 2843 1168 2901 In
1182 2843 1305 2904 vocibus
1319 2842 1378 2902 Ηο-

287 2948 406 3010 mericis
427 2948 615 3009 illustrandis
636 2967 696 3007 non
717 2949 848 3008 multum
870 2954 959 3010 antea
980 2951 1155 3027 profectum.
1198 2951 1263 3022 Quo
1284 2950 1379 3029 magis

286 3057 431 3131 quaedam
447 3055 616 3116 Aristarchi
638 3055 702 3133 (qni
723 3056 861 3117 universe
876 3058 954 3117 hunc
975 3058 1073 3117 locum
1087 3058 1205 3136 egregie
1221 3056 1377 3134 tractavit)

285 3163 479 3224 condonanda
499 3166 631 3240 peecata.
674 3163 767 3222 Error
788 3164 819 3224 in
841 3165 989 3225 vocabulo
1011 3159 1113 3241 διερός.

204 3270 236 3327 0.
257 3269 287 3328 ll
322 3291 349 3347 p.
374 3277 456 3332 51-
477 3277 525 3332 71.
562 3263 684 3347 βάλλειν,
706 3264 836 3345 οὐτάσαι,
861 3273 926 3334 sim.

204 3375 236 3434 0.
256 3375 301 3434 111
321 3398 350 3454 p.
374 3384 524 3440 71—161.
560 3378 702 3453 Reliquae
724 3378 884 3438 verborum
914 3378 1177 3454 interpretationes
1197 3399 1288 3456 eoque
1313 3400 1378 3456 per·

284 3484 414 3545 tinentes
436 3486 666 3547 observationes.

654 3646 846 3712 Dissertatio
868 3645 924 3711 111.

226 3779 274 3843 De
294 3780 504 3865 explicatam
519 3794 632 3865 poetae
653 3794 809 3866 warenna
825 3780 941 3865 petulat
958 3804 980 3843 a
999 3780 1130 3843 ammio
1153 3781 1353 3865 antr'antatta

695 3897 889 3960 Homericae.

204 4050 272 4109 cl
323 4073 352 4130 p.
380 4058 552 4116 163-174.
589 4053 633 4112 De
654 4061 732 4127 aere,
753 4049 1020 4128 aethe1·e,Olympo‚
1042 4054 1073 4111 et
1094 4050 1240 4126 quaedam
1261 4050 1320 4109 alia
1340 4051 1376 4110 de

285 4160 358 4220 facie
380 4158 495 4219 mundi.

203 4263 288 4324 cn
323 4288 352 4344 p.
377 4273 548 4330 174-191.
591 4265 799 4346 Mythologioa

204 4372 234 4432 (t.
256 4373 302 4432 III
321 4396 351 4452 p.
376 4379 550 4439 ror-196.
593 4374 637 4432 De
658 4374 743 4433 cultu
764 4376 795 4432 et
816 4372 901 4433 rictu
923 4373 1056 4433 heroum.
