3425 4934
327 288 386 350 148
412 278 448 332 ΙΙ.
473 280 515 335 De
532 278 711 335 Aristarchea
726 279 927 337 vocabulorum
944 282 1155 339 Homerioorum
1173 280 1411 352 interpretatione.

325 468 376 525 σε,
407 444 497 531 ,ἐγώ
526 440 558 511 δ’
582 443 726 532 ἐρέεινον
753 442 912 527 ἆποίοαςίῑ
934 451 970 539 <λ
991 452 1078 536 234).
1125 447 1182 515 καί
1201 446 1297 515 ἕνεκα
1317 442 1434 514 τούτου
1455 444 1493 512 τὸ

324 550 472 619 πεύθετο
486 550 698 642 καταλλῆλσυ
717 550 826 637 ἔχεται
843 554 1027 647 φερόμενον
1046 551 1098 623 ἐπ’
1123 552 1310 643 αἰτιατικὴν
1331 553 1416 621 κατὰ
1434 550 1495 641 τῆν

321 656 504 748 Ὁμηρικῆν
515 666 632 750 χρῆσιν
652 666 814 751 σημαῖνον
829 663 868 731 τδ
890 657 1003 752 ῆκουε,
1024 662 1062 732 τὸ
1085 663 1119 731 ἐν
1140 670 1187 753 τῷ
1207 655 1422 746 ,πευθόμεθ’
1440 650 1494 751 ᾗχι

325 764 487 847 ἕκαστοςα
514 773 551 859 <γ
571 773 642 857 87),
667 770 724 838 καί
748 767 924 852 ,,πεύθετο
951 771 1013 858 γὰρ
1034 766 1237 858 Κύπρονδε“
1258 773 1405 859 (1121),
1436 762 1494 848 ούχ

324 873 379 945 ὅτι
409 876 494 945 κατὰ
519 872 669 957 πεύσεως
699 876 1002 966 παραλαμβάνεται
1031 876 1067 946 ἐν
1096 885 1144 969 τῷ
1168 875 1388 961 πυνθάνομαι
1416 879 1478 942 σοῦ
1484 898 1492 912 ·

324 981 502 1068 πρόκειται
527 985 589 1072 γὰρ
619 981 640 1074 ῆ
672 984 808 1072 συζυγία
834 993 900 1055 τῶν
925 982 1085 1054 τοιούτων
1107 985 1159 1053 ἐπ’
1184 982 1371 1074 αἰτιατικὴν
1392 1007 1494 1073 φερο-

323 1090 414 1178 μένη.
451 1094 669 1181 (Quantopere
683 1100 807 1163 veteres
826 1099 867 1164 ad
886 1097 969 1164 hanc
988 1098 1257 1184 significationem
1278 1095 1367 1161 verbi
1387 1098 1493 1160 atten-

325 1203 439 1283 derint,
460 1203 634 1270 admonent
648 1204 729 1270 aliae
743 1205 907 1290 reliquiae,
927 1210 965 1271 ut
978 1206 1036 1271 illa
1060 1205 1146 1292 apud
1161 1204 1301 1285 Suidsm,
1322 1226 1397 1268 nam
1418 1202 1493 1267 hinc

325 1310 453 1376 demum
472 1311 508 1375 in
521 1311 748 1396 Aristophanis
770 1312 893 1378 schoh'a
913 1312 996 1398 Equ.
1015 1319 1093 1382 1313
1116 1312 1230 1397 (1302)
1251 1311 1353 1376 relate
1373 1310 1493 1374 ferunt:

322 1412 361 1481 τὸ
382 1411 622 1483 πυνθάνεσθαι
648 1415 742 1502 παρὰ
770 1420 841 1496 τοῖς
861 1413 999 1504 ῥήτορσι
1019 1417 1078 1485 καί
1097 1412 1176 1503 παρ’
1201 1413 1337 1504 (Ομῆρην
1359 1413 1416 1482 ἐπί
1436 1419 1494 1481 τοῦ

324 1517 459 1591 ἀκούειν
478 1521 537 1590 καί
556 1520 752 1608 μανθάνειν.
788 1527 963 1593 Adduntur
977 1528 1163 1594 testimonia
1176 1527 1342 1612 complura
1354 1525 1493 1609 primum

324 1654 363 1699 ex
391 1632 547 1713 Homero,
577 1635 612 1699 in
633 1636 751 1720 quibus
778 1639 811 1700 ct
838 1628 1010 1721 ἀπευθής,
1039 1630 1150 1700 κείνου
1178 1631 1240 1718 γὰρ
1267 1631 1324 1697 καί
1348 1626 1494 1715 ὄλεθρον

324 1733 480 1806 ἀπευθέα
506 1743 595 1826 θῆκε
615 1737 769 1826 Κρονίων
794 1764 814 1826 γ
836 1748 889 1821 88,
916 1742 1030 1809 deinde
1057 1765 1097 1809 ex
1122 1742 1297 1825 Aeschine,
1320 1740 1493 1819 Dinarcho,

322 1847 564 1934 Demosthene.)
586 1889 628 1900 —
646 1843 804 1934 Ἀγορεύ
810 1872 883 1928 ειν,
907 1851 994 1936 quod
1008 1852 1136 1936 proprie
1156 1854 1205 1915 est
1219 1849 1422 1915 inconcione
1443 1847 1492 1912 vel

323 1957 457 2023 consilio
473 1957 576 2024 dicere
585 1959 624 2037 ⁸⁸,
646 1958 740 2044 ponit
758 1960 856 2025 etiam
869 1959 1001 2026 abusive
1021 1959 1150 2044 quando
1172 1958 1235 2024 duo
1257 1957 1493 2040 colloquuntur,

322 2066 353 2125 Σ
371 2069 432 2133 368
454 2066 522 2148 (ubi
545 2066 570 2151 (
617 2065 716 2132 schot
730 2066 773 2151 Β)
795 2089 854 2153 pro
876 2067 1021 2133 cedual.
1045 2062 1214 2148 ἐνταῦθα).
1237 2106 1277 2116 -
1297 2066 1492 2147 Διακριν-

323 2173 450 2255 θῆναι
476 2170 576 2251 διχῶς
600 2177 821 2261 χωρισθῆναι,
852 2170 871 2240 ὁ
895 2170 932 2239 δὲ
949 2165 1139 2261 Ζηνόδοτος
1158 2165 1315 2258 συνήθως
1338 2166 1419 2258 ῆμῖν
1439 2165 1494 2235 τέ·
1542 2220 1545 2225 .

322 2300 418 2359 ταχεν
437 2280 528 2364 (puto
549 2303 608 2366 pro
627 2281 782 2348 iudicium
802 2283 933 2366 subire),
957 2285 987 2345 Γ
998 2289 1048 2351 99.
1070 2322 1112 2341 -ι
1135 2275 1285 2349 Τ71ἀτι
1305 2277 1343 2345 τὸ
1365 2273 1494 2343 ἰαύειν

324 2377 385 2450 ούκ
415 2379 485 2450 ἔστι
520 2389 576 2452 νῦν
605 2392 811 2471 κοιμᾶσθαι,
850 2382 922 2455 ἀλλ’
952 2383 1212 2469 ἐπαυλίζεσθαι·
1246 2379 1319 2467 „dg
1344 2384 1403 2452 καί
1430 2383 1495 2470 ἐγὼ

261 2505 308 2557 149
325 2489 457 2572 πολλὰς
469 2489 530 2576 μὲν
544 2486 692 2574 ἀύπνους
705 2489 823 2574 νύκτας
836 2490 960 2564 ἰὀιυον“
975 2500 1008 2580 (Ι
1019 2498 1103 2581 325).
1117 2538 1158 2549 -
1175 2488 1311 2582 Ἀνῆκε
1324 2487 1398 2560 ἀντὶ
1412 2497 1493 2579 (τοῦ)

324 2597 431 2689 ἀφῆκε
449 2606 480 2665 (Ι)
494 2608 564 2671 523.
583 2645 625 2655 -
643 2608 680 2669 X
691 2611 750 2673 251
771 2599 825 2671 dac
837 2602 876 2671 τὸ
893 2604 914 2670 δ
921 2601 989 2669 ίον
1002 2597 1180 2691 ἐδαύχθην.
1200 2642 1241 2652 -
1259 2608 1296 2667 Χ
1306 2610 1366 2673 201
1383 2597 1436 2669 ὅτι
1454 2599 1493 2666 τὸ

324 2701 485 2799 μάρψαι
500 2706 558 2775 ἰπὶ
571 2711 687 2777 ποδῶν
701 2707 814 2793 ἔταξεν
827 2713 893 2798 (V).
928 2713 1113 2780 Memineris
1130 2703 1239 2799 μοίρην
1253 2734 1323 2779 esse
1335 2713 1438 2796 χεῖρα.
1453 2750 1493 2760 -

315 2810 506 2897 tractos,
529 2841 591 2884 -ον,
625 2819 779 2907 Apollon.
801 2820 864 2886 lex.
879 2820 920 2887 H.
938 2844 969 2906 p.
984 2829 1025 2889 54
1047 2820 1259 2887 differentiam
1281 2819 1421 2904 exponit
1444 2816 1494 2883 Ibi

325 2929 388 2992 est:
410 2917 590 3011 οάδετέρως
611 2924 648 2993 δὲ
667 2919 763 2992 ἀθλα
784 2925 826 2992 τὰ
848 2922 988 2993 ἔπαθλα
1007 2926 1092 2992 κατά
1113 2924 1151 2993 τδ
1175 2926 1331 2992 πλεῖστον

406 3028 706 3122 ,,παλαισμοσύνης
727 3030 962 3121 ἀλεγεινῆς-
984 3026 1250 3121 θῆκενῖἀίεθλαίῑ
1271 3035 1321 3119 (Ψ
1341 3037 1432 3116 701).’

325 3135 409 3205 ὅθεν
433 3139 490 3206 καί
511 3135 725 3228 Ἀρίσταρχος
750 3136 970 3224 ἀναγινώσκει
995 3141 1133 3225 ,μεῖζον
1160 3134 1312 3207 ἀεθλον(ι
1338 3143 1387 3223 (Ψ
1406 3143 1493 3223 551)-

323 3245 362 3313 τὸ
377 3244 439 3332 γὰρ
454 3242 611 3315 ἔπαθλον
627 3246 728 3315 θέλει
748 3248 878 3337 δηλοῦν.
908 3250 998 3338 Ergo
1015 3252 1145 3317 fuerumt
1158 3251 1214 3335 qui
1227 3242 1349 3332 μείζον’
1367 3240 1494 3313 ἀεθλον

242 3365 314 3437 (152)
326 3357 550 3424 scriberent⁸⁹
570 3395 611 3407 -
625 3353 800 3444 ‘Hecura
813 3359 847 3423 Δ
859 3364 921 3427 226
936 3353 990 3423 ὅτι
1002 3356 1045 3423 τὰ
1059 3350 1212 3443 ύχῆματα
1233 3360 1290 3423 νῦν
1308 3353 1407 3442 χωρὶς
1428 3358 1495 3420 τῶν

391 3584 418 3626 ⁸⁸
435 3572 603 3654 ἀγορήσατο
620 3599 757 3653 nusquam
773 3581 865 3639 ahter.

392 3669 417 3709 89
435 3666 528 3723 Verba
544 3660 620 3723 κατά
636 3668 672 3723 τὸ
687 3669 828 3724 πλεῖστον
843 3666 966 3739 produnt
982 3666 1052 3722 mihi
1075 3667 1290 3738 grammaticum
1306 3665 1429 3736 aliquem
1446 3664 1496 3736 qui

325 3750 455 3821 speciosis
466 3750 534 3806 locis
545 3767 574 3806 se
585 3748 645 3805 falli
656 3768 752 3822 passus
764 3753 806 3807 est
823 3751 929 3822 (quales
945 3755 1010 3807 sunt
1027 3752 1152 3822 profecto
1171 3757 1248 3821 5⁰⁷3·
1269 3752 1335 3821 106),
1353 3753 1386 3806 ut
1404 3742 1497 3806 ἀθλον

326 3835 402 3905 apud
418 3835 570 3891 Homerum
588 3834 672 3891 etiam
690 3835 738 3891 hio
755 3835 812 3891 illic
829 3853 881 3906 pro
901 3827 993 3901 ἀθλος
1009 3834 1134 3907 positum
1150 3838 1273 3907 putaret
1307 3835 1361 3891 Sed
1379 3836 1495 3892 Aristar·

326 3920 409 3974 chum
426 3924 533 3976 certum
551 3923 593 3975 est
610 3919 680 3975 mihi
696 3938 747 3976 nec
763 3919 818 3975 illis
835 3921 904 3976 locis
915 3921 1065 3992 deceptum
1074 3936 1132 3976 cose
1144 3920 1209 3988 (iam
1222 3920 1296 3976 enim
1308 3920 1385 3975 hune
1398 3919 1495 3975 melius

326 4005 516 4075 cognovimm)
537 4021 588 4061 neo
611 4021 656 4071 eo,
679 4004 754 4074 quod
777 4008 857 4060 este
877 4009 925 4062 160
947 4000 1048 4062 ἀθλων
1068 3998 1119 4062 οἶά
1141 4022 1175 4060 τε
1191 4000 1285 4061 πολλὰ
1300 3996 1365 4073 μετ’
1382 3996 1494 4075 ἀνθρύ-

324 4106 408 4146 ποισι
429 4091 577 4147 πέλονται.
610 4089 690 4144 Talia
709 4087 885 4145 Aristarchus
907 4089 1075 4148 attenderat
1115 4090 1160 4144 Ad
1183 4091 1213 4143 H
1233 4094 1283 4145 238
1305 4092 1368 4161 βῶν
1387 4086 1424 4145 τό
1442 4088 1495 4156 μοί

325 4170 389 4230 ἔστι
411 4206 445 4216 -
465 4177 608 4231 notatum:
635 4168 682 4229 ὅτι
702 4173 852 4243 προτάξας
873 4169 1003 4245 θηλυκὸν
1024 4172 1182 4246 οὐδέτερον
1198 4172 1371 4245 ἐπήνεγκεν,
1391 4166 1426 4228 τό
1442 4172 1495 4238 μοί

325 4255 402 4324 ἐστι,
423 4253 497 4331 πρὸς
518 4252 554 4315 τδ
574 4249 791 4329 σημαινόμενον
811 4248 865 4328 (οἷς
881 4254 917 4315 td
934 4257 1060 4329 ,νεφέλη
1076 4257 1110 4313 δέ
1125 4276 1177 4325 μιν
1192 4288 1227 4299 -
1244 4253 1280 4314 κδ
1296 4256 1352 4325 μὲν
1368 4251 1493 4314 οὔκοτε*

244 4339 316 4411 (152)
328 4340 379 4396 Οδ.
391 4362 413 4410 μ
426 4346 478 4412 74).
504 4343 634 4400 Ceterum
651 4334 761 4398 ἄεθλον
775 4358 828 4414 pro
845 4335 955 4409 ἄεθλος
972 4342 1044 4399 dixit
1054 4341 1218 4413 Xenophon.
1235 4343 1337 4398 Athen.
1349 4340 1374 4395 X
1384 4358 1412 4411 p.
1424 4343 1492 4394 414·
