<?xml version="1.0" encoding="UTF-8"?>
<!DOCTYPE html PUBLIC "-//W3C//DTD XHTML 1.0 Transitional//EN"
    "http://www.w3.org/TR/xhtml1/DTD/xhtml1-transitional.dtd">
<html xmlns="http://www.w3.org/1999/xhtml" xml:lang="en" lang="en">
 <head>
  <title>
</title>
<meta http-equiv="Content-Type" content="text/html;charset=utf-8" />
  <meta name='ocr-system' content='tesseract 3.04.00' />
  <meta name='ocr-capabilities' content='ocr_page ocr_carea ocr_par ocr_line ocrx_word'/>
</head>
<body>
  <div class='ocr_page' id='page_1' title='image "./dearistarchistu00ludwgoog/dearistarchistu00ludwgoog_0234.png"; bbox 0 0 3425 4934; ppageno 0'>
   <div class='ocr_carea' id='block_1_1' title="bbox 392 299 1463 386">
    <p class='ocr_par' dir='ltr' id='par_1_1' title="bbox 392 299 1463 386">
     <span class='ocr_line' id='line_1_1' title="bbox 392 299 1463 386; baseline -0.002 -14"><span class='ocrx_word' id='word_1_1' title='bbox 392 309 454 386; x_wconf 59' lang='lat'>212</span> <span class='ocrx_word' id='word_1_2' title='bbox 578 313 621 369; x_wconf 87' lang='lat' dir='ltr'>III.</span> <span class='ocrx_word' id='word_1_3' title='bbox 647 299 688 369; x_wconf 72' lang='lat' dir='ltr'>‘ne</span> <span class='ocrx_word' id='word_1_4' title='bbox 705 301 859 370; x_wconf 75' lang='lat' dir='ltr'>Aristarchi</span> <span class='ocrx_word' id='word_1_5' title='bbox 876 311 993 370; x_wconf 85' lang='lat' dir='ltr'>scientia</span> <span class='ocrx_word' id='word_1_6' title='bbox 1009 303 1188 385; x_wconf 85' lang='lat' dir='ltr'>antiquitatis</span> <span class='ocrx_word' id='word_1_7' title='bbox 1204 309 1376 372; x_wconf 72' lang='lat' dir='ltr'><strong>Homericae.</strong></span> <span class='ocrx_word' id='word_1_8' title='bbox 1461 310 1463 313; x_wconf 67' lang='grc'>’</span> 
     </span>
    </p>
   </div>
   <div class='ocr_carea' id='block_1_2' title="bbox 293 478 1565 2609">
    <p class='ocr_par' dir='ltr' id='par_1_2' title="bbox 391 478 1565 890">
     <span class='ocr_line' id='line_1_2' title="bbox 391 478 1564 566; baseline -0.001 -19"><span class='ocrx_word' id='word_1_9' title='bbox 391 478 513 564; x_wconf 81' lang='grc' dir='ltr'><em>μάτων.</em></span> <span class='ocrx_word' id='word_1_10' title='bbox 549 482 705 549; x_wconf 89' lang='lat' dir='ltr'>Macrobii</span> <span class='ocrx_word' id='word_1_11' title='bbox 727 482 868 547; x_wconf 89' lang='lat' dir='ltr'>narratio</span> <span class='ocrx_word' id='word_1_12' title='bbox 889 481 969 548; x_wconf 90' lang='lat' dir='ltr'>haec</span> <span class='ocrx_word' id='word_1_13' title='bbox 991 484 1040 547; x_wconf 92' lang='lat' dir='ltr'>est</span> <span class='ocrx_word' id='word_1_14' title='bbox 1053 481 1116 548; x_wconf 87' lang='lat' dir='ltr'>VII</span> <span class='ocrx_word' id='word_1_15' title='bbox 1130 488 1160 565; x_wconf 88' lang='grc'>3,</span> <span class='ocrx_word' id='word_1_16' title='bbox 1180 488 1216 551; x_wconf 83' lang='grc'>13</span> <span class='ocrx_word' id='word_1_17' title='bbox 1238 484 1289 566; x_wconf 90' lang='lat' dir='ltr'>(ex</span> <span class='ocrx_word' id='word_1_18' title='bbox 1306 483 1391 549; x_wconf 91' lang='lat' dir='ltr'>Plut.</span> <span class='ocrx_word' id='word_1_19' title='bbox 1405 480 1438 548; x_wconf 89' lang='lat' dir='ltr'>H</span> <span class='ocrx_word' id='word_1_20' title='bbox 1455 491 1481 562; x_wconf 91' lang='lat'>1,</span> <span class='ocrx_word' id='word_1_21' title='bbox 1497 484 1564 564; x_wconf 78' lang='lat'>12):</span> 
     </span>
     <span class='ocr_line' id='line_1_3' title="bbox 392 589 1565 677; baseline -0.002 -21"><span class='ocrx_word' id='word_1_22' title='bbox 392 590 492 673; x_wconf 83' lang='lat' dir='ltr'>„Cum</span> <span class='ocrx_word' id='word_1_23' title='bbox 506 592 592 675; x_wconf 90' lang='lat' dir='ltr'>regis</span> <span class='ocrx_word' id='word_1_24' title='bbox 608 589 752 669; x_wconf 88' lang='lat' dir='ltr'>libertus,</span> <span class='ocrx_word' id='word_1_25' title='bbox 772 589 813 654; x_wconf 90' lang='lat' dir='ltr'>ad</span> <span class='ocrx_word' id='word_1_26' title='bbox 828 611 928 654; x_wconf 80' lang='lat' dir='ltr'>novas</span> <span class='ocrx_word' id='word_1_27' title='bbox 943 589 1070 655; x_wconf 82' lang='lat' dir='ltr'>divitias</span> <span class='ocrx_word' id='word_1_28' title='bbox 1084 612 1187 675; x_wconf 80' lang='lat' dir='ltr'>nuper</span> <span class='ocrx_word' id='word_1_29' title='bbox 1199 596 1332 670; x_wconf 90' lang='lat' dir='ltr'>erectus,</span> <span class='ocrx_word' id='word_1_30' title='bbox 1352 590 1565 677; x_wconf 88' lang='lat' dir='ltr'>philosophos</span> 
     </span>
     <span class='ocr_line' id='line_1_4' title="bbox 393 696 1565 783; baseline 0 -21"><span class='ocrx_word' id='word_1_31' title='bbox 393 698 433 763; x_wconf 89' lang='lat' dir='ltr'>ad</span> <span class='ocrx_word' id='word_1_32' title='bbox 455 698 636 762; x_wconf 83' lang='lat' dir='ltr'>convivium</span> <span class='ocrx_word' id='word_1_33' title='bbox 657 700 888 782; x_wconf 75' lang='lat' dir='ltr'>congregasset</span> <span class='ocrx_word' id='word_1_34' title='bbox 915 700 948 761; x_wconf 94' lang='lat' dir='ltr'>et</span> <span class='ocrx_word' id='word_1_35' title='bbox 968 696 1130 762; x_wconf 54' lang='lat' dir='ltr'>medendo</span> <span class='ocrx_word' id='word_1_36' title='bbox 1150 720 1257 762; x_wconf 75' lang='lat' dir='ltr'>coram</span> <span class='ocrx_word' id='word_1_37' title='bbox 1276 698 1451 762; x_wconf 72' lang='lat' dir='ltr'>mcbumbrs</span> <span class='ocrx_word' id='word_1_38' title='bbox 1472 720 1565 783; x_wconf 66' lang='lat' dir='ltr'>queue</span> 
     </span>
     <span class='ocr_line' id='line_1_5' title="bbox 391 803 1563 890; baseline 0 -20"><span class='ocrx_word' id='word_1_39' title='bbox 391 806 506 870; x_wconf 73' lang='lat' dir='ltr'>sobnae</span> <span class='ocrx_word' id='word_1_40' title='bbox 521 806 601 871; x_wconf 88' lang='lat' dir='ltr'>scire</span> <span class='ocrx_word' id='word_1_41' title='bbox 616 828 651 871; x_wconf 90' lang='lat' dir='ltr'>se</span> <span class='ocrx_word' id='word_1_42' title='bbox 670 805 750 870; x_wconf 86' lang='lat' dir='ltr'>velle</span> <span class='ocrx_word' id='word_1_43' title='bbox 772 804 912 882; x_wconf 69' lang='lat' dir='ltr'>dixisset,</span> <span class='ocrx_word' id='word_1_44' title='bbox 935 826 991 869; x_wconf 90' lang='lat' dir='ltr'>cur</span> <span class='ocrx_word' id='word_1_45' title='bbox 1013 826 1052 869; x_wconf 88' lang='lat' dir='ltr'>ex</span> <span class='ocrx_word' id='word_1_46' title='bbox 1072 804 1165 890; x_wconf 88' lang='lat' dir='ltr'>nigra</span> <span class='ocrx_word' id='word_1_47' title='bbox 1186 808 1219 870; x_wconf 93' lang='lat' dir='ltr'>et</span> <span class='ocrx_word' id='word_1_48' title='bbox 1240 826 1280 870; x_wconf 89' lang='lat' dir='ltr'>ex</span> <span class='ocrx_word' id='word_1_49' title='bbox 1299 803 1373 871; x_wconf 89' lang='lat' dir='ltr'>alba</span> <span class='ocrx_word' id='word_1_50' title='bbox 1393 805 1469 870; x_wconf 88' lang='lat' dir='ltr'>faba</span> <span class='ocrx_word' id='word_1_51' title='bbox 1489 804 1563 890; x_wconf 91' lang='lat' dir='ltr'>pul-</span> 
     </span>
    </p>

    <p class='ocr_par' dir='ltr' id='par_1_3' title="bbox 310 910 1565 1321">
     <span class='ocr_line' id='line_1_6' title="bbox 310 910 1563 997; baseline 0.001 -21"><span class='ocrx_word' id='word_1_52' title='bbox 310 920 382 992; x_wconf 76' lang='grc'>(219)</span> <span class='ocrx_word' id='word_1_53' title='bbox 394 910 539 978; x_wconf 87' lang='lat' dir='ltr'>mentum</span> <span class='ocrx_word' id='word_1_54' title='bbox 553 913 648 978; x_wconf 88' lang='lat' dir='ltr'>unius</span> <span class='ocrx_word' id='word_1_55' title='bbox 663 913 779 979; x_wconf 91' lang='lat' dir='ltr'>coloris</span> <span class='ocrx_word' id='word_1_56' title='bbox 790 912 911 996; x_wconf 88' lang='lat' dir='ltr'>edatur,</span> <span class='ocrx_word' id='word_1_57' title='bbox 926 911 1070 978; x_wconf 86' lang='lat' dir='ltr'>Aridices</span> <span class='ocrx_word' id='word_1_58' title='bbox 1084 911 1297 997; x_wconf 88' lang='lat' dir='ltr'>philosophus</span> <span class='ocrx_word' id='word_1_59' title='bbox 1312 911 1445 997; x_wconf 88' lang='lat' dir='ltr'>indigne</span> <span class='ocrx_word' id='word_1_60' title='bbox 1456 911 1563 977; x_wconf 87' lang='lat' dir='ltr'>ferens</span> 
     </span>
     <span class='ocr_line' id='line_1_7' title="bbox 393 1019 1563 1106; baseline -0.001 -20"><span class='ocrx_word' id='word_1_61' title='bbox 393 1019 443 1086; x_wconf 84' lang='lat' dir='ltr'>Tu</span> <span class='ocrx_word' id='word_1_62' title='bbox 458 1020 551 1086; x_wconf 93' lang='lat' dir='ltr'>nobis</span> <span class='ocrx_word' id='word_1_63' title='bbox 565 1020 673 1106; x_wconf 92' lang='lat' dir='ltr'>inquit</span> <span class='ocrx_word' id='word_1_64' title='bbox 691 1020 849 1096; x_wconf 83' lang='lat' dir='ltr'>absolvas,</span> <span class='ocrx_word' id='word_1_65' title='bbox 872 1041 928 1085; x_wconf 90' lang='lat' dir='ltr'>cur</span> <span class='ocrx_word' id='word_1_66' title='bbox 949 1022 982 1083; x_wconf 91' lang='lat' dir='ltr'>et</span> <span class='ocrx_word' id='word_1_67' title='bbox 1004 1019 1042 1084; x_wconf 94' lang='lat' dir='ltr'>de</span> <span class='ocrx_word' id='word_1_68' title='bbox 1064 1019 1145 1085; x_wconf 89' lang='lat' dir='ltr'>albis</span> <span class='ocrx_word' id='word_1_69' title='bbox 1167 1023 1201 1085; x_wconf 88' lang='lat' dir='ltr'>et</span> <span class='ocrx_word' id='word_1_70' title='bbox 1221 1019 1323 1106; x_wconf 84' lang='lat' dir='ltr'>nigris</span> <span class='ocrx_word' id='word_1_71' title='bbox 1343 1019 1421 1084; x_wconf 87' lang='lat' dir='ltr'>loris</span> <span class='ocrx_word' id='word_1_72' title='bbox 1443 1019 1563 1085; x_wconf 78' lang='lat' dir='ltr'>similes</span> 
     </span>
     <span class='ocr_line' id='line_1_8' title="bbox 393 1126 1564 1214; baseline -0.002 -21"><span class='ocrx_word' id='word_1_73' title='bbox 393 1128 534 1193; x_wconf 88' lang='lat' dir='ltr'>maculae</span> <span class='ocrx_word' id='word_1_74' title='bbox 560 1127 763 1214; x_wconf 52' lang='lat' dir='ltr'>gignantur&amp;</span> <span class='ocrx_word' id='word_1_75' title='bbox 810 1126 900 1193; x_wconf 89' lang='lat' dir='ltr'>Haec</span> <span class='ocrx_word' id='word_1_76' title='bbox 921 1148 981 1191; x_wconf 84' lang='lat' dir='ltr'>nos</span> <span class='ocrx_word' id='word_1_77' title='bbox 1003 1126 1100 1192; x_wconf 89' lang='lat' dir='ltr'>ducat</span> <span class='ocrx_word' id='word_1_78' title='bbox 1120 1128 1261 1193; x_wconf 89' lang='lat' dir='ltr'>narratio</span> <span class='ocrx_word' id='word_1_79' title='bbox 1283 1127 1324 1193; x_wconf 91' lang='lat' dir='ltr'>ad</span> <span class='ocrx_word' id='word_1_80' title='bbox 1344 1127 1564 1193; x_wconf 89' lang='lat' dir='ltr'>conditionem</span> 
     </span>
     <span class='ocr_line' id='line_1_9' title="bbox 393 1233 1565 1321; baseline -0.003 -21"><span class='ocrx_word' id='word_1_81' title='bbox 393 1235 684 1321; x_wconf 88' lang='lat' dir='ltr'>grammaticorum,</span> <span class='ocrx_word' id='word_1_82' title='bbox 705 1258 770 1320; x_wconf 88' lang='lat' dir='ltr'>qua</span> <span class='ocrx_word' id='word_1_83' title='bbox 791 1238 824 1299; x_wconf 92' lang='lat' dir='ltr'>et</span> <span class='ocrx_word' id='word_1_84' title='bbox 840 1235 912 1319; x_wconf 88' lang='lat' dir='ltr'>ipsa</span> <span class='ocrx_word' id='word_1_85' title='bbox 931 1233 1053 1299; x_wconf 88' lang='lat' dir='ltr'>fectum</span> <span class='ocrx_word' id='word_1_86' title='bbox 1074 1238 1132 1317; x_wconf 88' lang='lat' dir='ltr'>est,</span> <span class='ocrx_word' id='word_1_87' title='bbox 1151 1239 1189 1300; x_wconf 92' lang='lat' dir='ltr'>ut</span> <span class='ocrx_word' id='word_1_88' title='bbox 1209 1234 1296 1300; x_wconf 91' lang='lat' dir='ltr'>haud</span> <span class='ocrx_word' id='word_1_89' title='bbox 1316 1233 1411 1300; x_wconf 86' lang='lat' dir='ltr'>facile</span> <span class='ocrx_word' id='word_1_90' title='bbox 1430 1237 1565 1319; x_wconf 79' lang='lat' dir='ltr'>possent</span> 
     </span>
    </p>

    <p class='ocr_par' dir='ltr' id='par_1_4' title="bbox 293 1341 1565 2609">
     <span class='ocr_line' id='line_1_10' title="bbox 293 1341 1565 1435; baseline 0.001 -29"><span class='ocrx_word' id='word_1_91' title='bbox 293 1428 297 1435; x_wconf 16' lang='grc' dir='ltr'><em>ι</em></span> <span class='ocrx_word' id='word_1_92' title='bbox 327 1356 376 1409; x_wconf 77' lang='lat'>215</span> <span class='ocrx_word' id='word_1_93' title='bbox 394 1342 473 1409; x_wconf 89' lang='lat' dir='ltr'>haec</span> <span class='ocrx_word' id='word_1_94' title='bbox 486 1342 667 1428; x_wconf 84' lang='lat' dir='ltr'>principum</span> <span class='ocrx_word' id='word_1_95' title='bbox 681 1342 855 1427; x_wconf 78' lang='lat' dir='ltr'>crepundia</span> <span class='ocrx_word' id='word_1_96' title='bbox 869 1341 1015 1407; x_wconf 87' lang='lat' dir='ltr'>abiicere.</span> <span class='ocrx_word' id='word_1_97' title='bbox 1050 1341 1180 1408; x_wconf 86' lang='lat' dir='ltr'>Scilicet</span> <span class='ocrx_word' id='word_1_98' title='bbox 1193 1363 1286 1428; x_wconf 87' lang='lat' dir='ltr'>reges</span> <span class='ocrx_word' id='word_1_99' title='bbox 1302 1364 1341 1407; x_wconf 91' lang='lat' dir='ltr'>ex</span> <span class='ocrx_word' id='word_1_100' title='bbox 1355 1364 1420 1426; x_wconf 93' lang='lat' dir='ltr'>quo</span> <span class='ocrx_word' id='word_1_101' title='bbox 1434 1341 1565 1422; x_wconf 88' lang='lat' dir='ltr'>Maseis,</span> 
     </span>
     <span class='ocr_line' id='line_1_11' title="bbox 392 1443 1565 1529; baseline -0.001 -14"><span class='ocrx_word' id='word_1_102' title='bbox 392 1443 600 1529; x_wconf 81' lang='lat' dir='ltr'>mercedibus,</span> <span class='ocrx_word' id='word_1_103' title='bbox 616 1449 794 1516; x_wconf 90' lang='lat' dir='ltr'>honoribus</span> <span class='ocrx_word' id='word_1_104' title='bbox 811 1448 919 1515; x_wconf 89' lang='lat' dir='ltr'>studia</span> <span class='ocrx_word' id='word_1_105' title='bbox 933 1453 967 1515; x_wconf 92' lang='lat' dir='ltr'>et</span> <span class='ocrx_word' id='word_1_106' title='bbox 989 1449 1131 1514; x_wconf 89' lang='lat' dir='ltr'>eruditos</span> <span class='ocrx_word' id='word_1_107' title='bbox 1152 1449 1305 1514; x_wconf 87' lang='lat' dir='ltr'>fovebant</span> <span class='ocrx_word' id='word_1_108' title='bbox 1324 1450 1565 1515; x_wconf 81' lang='lat' dir='ltr'>sustentabant</span> 
     </span>
     <span class='ocr_line' id='line_1_12' title="bbox 393 1555 1564 1642; baseline -0.001 -19"><span class='ocrx_word' id='word_1_109' title='bbox 393 1581 470 1642; x_wconf 91' lang='lat' dir='ltr'>que,</span> <span class='ocrx_word' id='word_1_110' title='bbox 496 1557 583 1623; x_wconf 89' lang='lat' dir='ltr'>haud</span> <span class='ocrx_word' id='word_1_111' title='bbox 609 1579 681 1622; x_wconf 89' lang='lat' dir='ltr'>raro</span> <span class='ocrx_word' id='word_1_112' title='bbox 710 1560 743 1622; x_wconf 92' lang='lat' dir='ltr'>et</span> <span class='ocrx_word' id='word_1_113' title='bbox 765 1556 879 1622; x_wconf 91' lang='lat' dir='ltr'>doctos</span> <span class='ocrx_word' id='word_1_114' title='bbox 901 1560 933 1622; x_wconf 89' lang='lat' dir='ltr'>et</span> <span class='ocrx_word' id='word_1_115' title='bbox 955 1556 1132 1621; x_wconf 74' lang='lat' dir='ltr'>doctrinam</span> <span class='ocrx_word' id='word_1_116' title='bbox 1153 1555 1215 1621; x_wconf 93' lang='lat' dir='ltr'>sibi</span> <span class='ocrx_word' id='word_1_117' title='bbox 1238 1555 1445 1622; x_wconf 73' lang='lat' dir='ltr'>delectationi</span> <span class='ocrx_word' id='word_1_118' title='bbox 1466 1560 1564 1641; x_wconf 88' lang='lat' dir='ltr'>atque</span> 
     </span>
     <span class='ocr_line' id='line_1_13' title="bbox 393 1661 1563 1747; baseline -0.001 -18"><span class='ocrx_word' id='word_1_119' title='bbox 393 1665 490 1730; x_wconf 87' lang='lat' dir='ltr'>etiam</span> <span class='ocrx_word' id='word_1_120' title='bbox 503 1664 642 1730; x_wconf 90' lang='lat' dir='ltr'>ludibrio</span> <span class='ocrx_word' id='word_1_121' title='bbox 665 1685 734 1730; x_wconf 90' lang='lat' dir='ltr'>esse</span> <span class='ocrx_word' id='word_1_122' title='bbox 748 1664 929 1730; x_wconf 87' lang='lat' dir='ltr'>voluerunt.</span> <span class='ocrx_word' id='word_1_123' title='bbox 964 1661 1030 1747; x_wconf 91' lang='lat' dir='ltr'>Ipsi</span> <span class='ocrx_word' id='word_1_124' title='bbox 1044 1662 1233 1742; x_wconf 77' lang='lat' dir='ltr'>Ptolemaei,</span> <span class='ocrx_word' id='word_1_125' title='bbox 1253 1661 1434 1728; x_wconf 87' lang='lat' dir='ltr'>litterarum</span> <span class='ocrx_word' id='word_1_126' title='bbox 1455 1663 1563 1728; x_wconf 89' lang='lat' dir='ltr'>studio</span> 
     </span>
     <span class='ocr_line' id='line_1_14' title="bbox 392 1769 1563 1857; baseline -0.004 -19"><span class='ocrx_word' id='word_1_127' title='bbox 392 1775 561 1857; x_wconf 77' lang='lat' dir='ltr'>tantopere</span> <span class='ocrx_word' id='word_1_128' title='bbox 574 1770 624 1835; x_wconf 85' lang='lat' dir='ltr'>illi</span> <span class='ocrx_word' id='word_1_129' title='bbox 638 1771 767 1850; x_wconf 88' lang='lat' dir='ltr'>laudati,</span> <span class='ocrx_word' id='word_1_130' title='bbox 789 1770 829 1837; x_wconf 86' lang='lat' dir='ltr'>ab</span> <span class='ocrx_word' id='word_1_131' title='bbox 843 1770 905 1836; x_wconf 88' lang='lat' dir='ltr'>hec</span> <span class='ocrx_word' id='word_1_132' title='bbox 919 1793 1004 1835; x_wconf 88' lang='lat' dir='ltr'>noxa</span> <span class='ocrx_word' id='word_1_133' title='bbox 1016 1769 1268 1855; x_wconf 87' lang='lat' dir='ltr'>haudquaquam</span> <span class='ocrx_word' id='word_1_134' title='bbox 1288 1773 1453 1836; x_wconf 85' lang='lat' dir='ltr'>vacarunt:</span> <span class='ocrx_word' id='word_1_135' title='bbox 1474 1769 1563 1835; x_wconf 81' lang='lat' dir='ltr'>velut</span> 
     </span>
     <span class='ocr_line' id='line_1_15' title="bbox 392 1876 1562 1964; baseline -0.003 -19"><span class='ocrx_word' id='word_1_136' title='bbox 392 1879 572 1945; x_wconf 86' lang='lat' dir='ltr'>Diodorum</span> <span class='ocrx_word' id='word_1_137' title='bbox 594 1878 735 1944; x_wconf 67' lang='lat' dir='ltr'>(tronum</span> <span class='ocrx_word' id='word_1_138' title='bbox 765 1878 968 1944; x_wconf 86' lang='lat' dir='ltr'>dialecticum</span> <span class='ocrx_word' id='word_1_139' title='bbox 996 1881 1030 1943; x_wconf 92' lang='lat' dir='ltr'>et</span> <span class='ocrx_word' id='word_1_140' title='bbox 1050 1876 1214 1944; x_wconf 79' lang='lat' dir='ltr'>Sosiblum</span> <span class='ocrx_word' id='word_1_141' title='bbox 1245 1878 1490 1964; x_wconf 87' lang='lat' dir='ltr'>grammaticum</span> <span class='ocrx_word' id='word_1_142' title='bbox 1510 1876 1562 1942; x_wconf 89' lang='lat' dir='ltr'>his</span> 
     </span>
     <span class='ocr_line' id='line_1_16' title="bbox 394 1983 1563 2072; baseline -0.003 -20"><span class='ocrx_word' id='word_1_143' title='bbox 394 1986 512 2053; x_wconf 90' lang='lat' dir='ltr'>derisui</span> <span class='ocrx_word' id='word_1_144' title='bbox 534 1986 634 2052; x_wconf 85' lang='lat' dir='ltr'>inisse</span> <span class='ocrx_word' id='word_1_145' title='bbox 656 2008 695 2051; x_wconf 88' lang='lat' dir='ltr'>ex</span> <span class='ocrx_word' id='word_1_146' title='bbox 716 1986 812 2072; x_wconf 88' lang='lat' dir='ltr'>Diog.</span> <span class='ocrx_word' id='word_1_147' title='bbox 831 1985 886 2051; x_wconf 73' lang='lat' dir='ltr'>ha·</span> <span class='ocrx_word' id='word_1_148' title='bbox 907 1985 952 2065; x_wconf 87' lang='grc' dir='ltr'>Π,</span> <span class='ocrx_word' id='word_1_149' title='bbox 975 1983 1034 2063; x_wconf 91' lang='grc' dir='ltr'>ΙΠ,</span> <span class='ocrx_word' id='word_1_150' title='bbox 1060 1985 1181 2053; x_wconf 86' lang='lat' dir='ltr'>Athen.</span> <span class='ocrx_word' id='word_1_151' title='bbox 1201 1984 1247 2051; x_wconf 91' lang='lat' dir='ltr'>XI</span> <span class='ocrx_word' id='word_1_152' title='bbox 1267 2009 1298 2071; x_wconf 91' lang='lat' dir='ltr'>p.</span> <span class='ocrx_word' id='word_1_153' title='bbox 1321 1991 1380 2053; x_wconf 85' lang='grc'>493</span> <span class='ocrx_word' id='word_1_154' title='bbox 1408 1985 1563 2072; x_wconf 79' lang='lat' dir='ltr'>cognovi·</span> 
     </span>
     <span class='ocr_line' id='line_1_17' title="bbox 393 2091 1563 2179; baseline -0.003 -19"><span class='ocrx_word' id='word_1_155' title='bbox 393 2117 473 2160; x_wconf 90' lang='lat' dir='ltr'>mus.</span> <span class='ocrx_word' id='word_1_156' title='bbox 516 2093 636 2160; x_wconf 87' lang='lat' dir='ltr'>Postea</span> <span class='ocrx_word' id='word_1_157' title='bbox 664 2116 737 2159; x_wconf 92' lang='lat' dir='ltr'>cum</span> <span class='ocrx_word' id='word_1_158' title='bbox 757 2093 896 2159; x_wconf 89' lang='lat' dir='ltr'>Romam</span> <span class='ocrx_word' id='word_1_159' title='bbox 920 2093 1099 2179; x_wconf 81' lang='lat' dir='ltr'>migrarent</span> <span class='ocrx_word' id='word_1_160' title='bbox 1123 2092 1254 2177; x_wconf 89' lang='lat' dir='ltr'>plurimi</span> <span class='ocrx_word' id='word_1_161' title='bbox 1283 2097 1382 2178; x_wconf 88' lang='lat' dir='ltr'>atque</span> <span class='ocrx_word' id='word_1_162' title='bbox 1403 2091 1563 2157; x_wconf 90' lang='lat' dir='ltr'>nobilium</span> 
     </span>
     <span class='ocr_line' id='line_1_18' title="bbox 392 2198 1562 2286; baseline -0.002 -19"><span class='ocrx_word' id='word_1_163' title='bbox 392 2202 612 2267; x_wconf 89' lang='lat' dir='ltr'>Romanorum</span> <span class='ocrx_word' id='word_1_164' title='bbox 627 2201 661 2266; x_wconf 92' lang='lat' dir='ltr'>in</span> <span class='ocrx_word' id='word_1_165' title='bbox 677 2200 823 2267; x_wconf 87' lang='lat' dir='ltr'>domibus</span> <span class='ocrx_word' id='word_1_166' title='bbox 845 2203 1056 2277; x_wconf 86' lang='lat' dir='ltr'>versarentur,</span> <span class='ocrx_word' id='word_1_167' title='bbox 1077 2222 1135 2285; x_wconf 90' lang='lat' dir='ltr'>pro</span> <span class='ocrx_word' id='word_1_168' title='bbox 1157 2221 1234 2286; x_wconf 87' lang='lat' dir='ltr'>rege</span> <span class='ocrx_word' id='word_1_169' title='bbox 1255 2222 1320 2265; x_wconf 91' lang='lat' dir='ltr'>uno</span> <span class='ocrx_word' id='word_1_170' title='bbox 1341 2198 1452 2265; x_wconf 91' lang='lat' dir='ltr'>multis</span> <span class='ocrx_word' id='word_1_171' title='bbox 1472 2199 1562 2286; x_wconf 90' lang='lat' dir='ltr'>regi-</span> 
     </span>
     <span class='ocr_line' id='line_1_19' title="bbox 393 2305 1562 2391; baseline -0.002 -18"><span class='ocrx_word' id='word_1_172' title='bbox 393 2309 454 2374; x_wconf 88' lang='lat' dir='ltr'>bus</span> <span class='ocrx_word' id='word_1_173' title='bbox 485 2308 544 2391; x_wconf 92' lang='lat' dir='ltr'>(sic</span> <span class='ocrx_word' id='word_1_174' title='bbox 568 2308 654 2373; x_wconf 91' lang='lat' dir='ltr'>enim</span> <span class='ocrx_word' id='word_1_175' title='bbox 678 2330 713 2373; x_wconf 93' lang='lat' dir='ltr'>se</span> <span class='ocrx_word' id='word_1_176' title='bbox 735 2307 797 2372; x_wconf 89' lang='lat' dir='ltr'>dici</span> <span class='ocrx_word' id='word_1_177' title='bbox 818 2305 984 2388; x_wconf 85' lang='lat' dir='ltr'>volebant)</span> <span class='ocrx_word' id='word_1_178' title='bbox 1012 2306 1206 2386; x_wconf 84' lang='lat' dir='ltr'>serviebant,</span> <span class='ocrx_word' id='word_1_179' title='bbox 1235 2310 1268 2372; x_wconf 93' lang='lat' dir='ltr'>et</span> <span class='ocrx_word' id='word_1_180' title='bbox 1294 2329 1390 2391; x_wconf 88' lang='lat' dir='ltr'>saepe</span> <span class='ocrx_word' id='word_1_181' title='bbox 1415 2329 1456 2372; x_wconf 90' lang='lat' dir='ltr'>ne</span> <span class='ocrx_word' id='word_1_182' title='bbox 1478 2306 1562 2372; x_wconf 90' lang='lat' dir='ltr'>natis</span> 
     </span>
     <span class='ocr_line' id='line_1_20' title="bbox 395 2413 1561 2502; baseline -0.002 -20"><span class='ocrx_word' id='word_1_183' title='bbox 395 2416 538 2502; x_wconf 91' lang='lat' dir='ltr'>quidem,</span> <span class='ocrx_word' id='word_1_184' title='bbox 559 2414 615 2480; x_wconf 91' lang='lat' dir='ltr'>sed</span> <span class='ocrx_word' id='word_1_185' title='bbox 634 2414 740 2494; x_wconf 86' lang='lat' dir='ltr'>factis,</span> <span class='ocrx_word' id='word_1_186' title='bbox 766 2413 823 2480; x_wconf 92' lang='lat' dir='ltr'>sed</span> <span class='ocrx_word' id='word_1_187' title='bbox 843 2414 1006 2481; x_wconf 83' lang='lat' dir='ltr'>servitutis</span> <span class='ocrx_word' id='word_1_188' title='bbox 1029 2435 1093 2499; x_wconf 89' lang='lat' dir='ltr'>qua</span> <span class='ocrx_word' id='word_1_189' title='bbox 1114 2418 1309 2480; x_wconf 89' lang='lat' dir='ltr'>emerserant</span> <span class='ocrx_word' id='word_1_190' title='bbox 1329 2413 1464 2480; x_wconf 86' lang='lat' dir='ltr'>maculis</span> <span class='ocrx_word' id='word_1_191' title='bbox 1485 2436 1561 2480; x_wconf 89' lang='lat' dir='ltr'>con·</span> 
     </span>
     <span class='ocr_line' id='line_1_21' title="bbox 394 2545 521 2609; baseline 0.016 -21"><span class='ocrx_word' id='word_1_192' title='bbox 394 2545 521 2609; x_wconf 78' lang='lat' dir='ltr'>sperus.</span> 
     </span>
    </p>
   </div>
   <div class='ocr_carea' id='block_1_3' title="bbox 310 2735 1562 4437">
    <p class='ocr_par' dir='ltr' id='par_1_5' title="bbox 392 2735 1562 4113">
     <span class='ocr_line' id='line_1_22' title="bbox 476 2735 1562 2824; baseline 0.001 -21"><span class='ocrx_word' id='word_1_193' title='bbox 476 2738 495 2822; x_wconf 66' lang='lat'>5</span> <span class='ocrx_word' id='word_1_194' title='bbox 516 2745 545 2804; x_wconf 84' lang='lat'>5.</span> <span class='ocrx_word' id='word_1_195' title='bbox 582 2735 680 2815; x_wconf 87' lang='lat' dir='ltr'>Satis,</span> <span class='ocrx_word' id='word_1_196' title='bbox 701 2741 790 2821; x_wconf 90' lang='lat' dir='ltr'>puto,</span> <span class='ocrx_word' id='word_1_197' title='bbox 811 2758 996 2802; x_wconf 85' lang='lat' dir='ltr'>caussarum</span> <span class='ocrx_word' id='word_1_198' title='bbox 1017 2735 1215 2823; x_wconf 85' lang='lat' dir='ltr'>collegimus,</span> <span class='ocrx_word' id='word_1_199' title='bbox 1236 2737 1353 2821; x_wconf 87' lang='lat' dir='ltr'>quibus</span> <span class='ocrx_word' id='word_1_200' title='bbox 1376 2739 1562 2824; x_wconf 81' lang='lat' dir='ltr'>quaestiun-</span> 
     </span>
     <span class='ocr_line' id='line_1_23' title="bbox 394 2843 1561 2929; baseline 0.001 -18"><span class='ocrx_word' id='word_1_201' title='bbox 394 2846 483 2911; x_wconf 88' lang='lat' dir='ltr'>culae</span> <span class='ocrx_word' id='word_1_202' title='bbox 501 2846 582 2911; x_wconf 88' lang='lat' dir='ltr'>istae</span> <span class='ocrx_word' id='word_1_203' title='bbox 604 2844 707 2909; x_wconf 87' lang='lat' dir='ltr'>cultae</span> <span class='ocrx_word' id='word_1_204' title='bbox 729 2843 974 2929; x_wconf 82' lang='lat' dir='ltr'>celebrataeque</span> <span class='ocrx_word' id='word_1_205' title='bbox 995 2844 1070 2910; x_wconf 91' lang='lat' dir='ltr'>sint.</span> <span class='ocrx_word' id='word_1_206' title='bbox 1105 2843 1324 2910; x_wconf 89' lang='lat' dir='ltr'>Romanorum</span> <span class='ocrx_word' id='word_1_207' title='bbox 1345 2844 1480 2911; x_wconf 90' lang='lat' dir='ltr'>florente</span> <span class='ocrx_word' id='word_1_208' title='bbox 1500 2847 1561 2911; x_wconf 92' lang='lat' dir='ltr'>im·</span> 
     </span>
     <span class='ocr_line' id='line_1_24' title="bbox 393 2951 1560 3038; baseline 0.001 -20"><span class='ocrx_word' id='word_1_209' title='bbox 393 2954 483 3038; x_wconf 90' lang='lat' dir='ltr'>perio</span> <span class='ocrx_word' id='word_1_210' title='bbox 504 2951 674 3037; x_wconf 90' lang='lat' dir='ltr'>praecipue</span> <span class='ocrx_word' id='word_1_211' title='bbox 689 2951 830 3036; x_wconf 88' lang='lat' dir='ltr'>viguisse</span> <span class='ocrx_word' id='word_1_212' title='bbox 852 2951 931 3016; x_wconf 86' lang='lat' dir='ltr'>eatis</span> <span class='ocrx_word' id='word_1_213' title='bbox 953 2973 991 3016; x_wconf 92' lang='lat' dir='ltr'>ex</span> <span class='ocrx_word' id='word_1_214' title='bbox 1010 2952 1214 3031; x_wconf 88' lang='lat' dir='ltr'>testimoniis,</span> <span class='ocrx_word' id='word_1_215' title='bbox 1235 2952 1352 3036; x_wconf 90' lang='lat' dir='ltr'>quibus</span> <span class='ocrx_word' id='word_1_216' title='bbox 1371 2953 1423 3018; x_wconf 87' lang='lat' dir='ltr'>usi</span> <span class='ocrx_word' id='word_1_217' title='bbox 1444 2975 1560 3032; x_wconf 88' lang='lat' dir='ltr'>sumus,</span> 
     </span>
     <span class='ocr_line' id='line_1_25' title="bbox 394 3057 1560 3145; baseline 0.001 -21"><span class='ocrx_word' id='word_1_218' title='bbox 394 3064 534 3145; x_wconf 89' lang='lat' dir='ltr'>apparet</span> <span class='ocrx_word' id='word_1_219' title='bbox 578 3058 624 3124; x_wconf 85' lang='lat' dir='ltr'>Et</span> <span class='ocrx_word' id='word_1_220' title='bbox 649 3058 745 3143; x_wconf 88' lang='lat' dir='ltr'>plane</span> <span class='ocrx_word' id='word_1_221' title='bbox 770 3057 847 3123; x_wconf 91' lang='lat' dir='ltr'>huic</span> <span class='ocrx_word' id='word_1_222' title='bbox 866 3058 913 3124; x_wconf 90' lang='lat' dir='ltr'>rei</span> <span class='ocrx_word' id='word_1_223' title='bbox 935 3062 1198 3138; x_wconf 88' lang='lat' dir='ltr'>consentaneum,</span> <span class='ocrx_word' id='word_1_224' title='bbox 1224 3059 1311 3143; x_wconf 93' lang='lat' dir='ltr'>quod</span> <span class='ocrx_word' id='word_1_225' title='bbox 1331 3060 1560 3144; x_wconf 89' lang='lat' dir='ltr'>imperatorum</span> 
     </span>
     <span class='ocr_line' id='line_1_26' title="bbox 393 3165 1559 3253; baseline -0.001 -20"><span class='ocrx_word' id='word_1_226' title='bbox 393 3168 612 3233; x_wconf 87' lang='lat' dir='ltr'>Romanorum</span> <span class='ocrx_word' id='word_1_227' title='bbox 627 3165 827 3252; x_wconf 88' lang='lat' dir='ltr'>temporibus</span> <span class='ocrx_word' id='word_1_228' title='bbox 840 3165 903 3231; x_wconf 90' lang='lat' dir='ltr'>hoc</span> <span class='ocrx_word' id='word_1_229' title='bbox 912 3165 1005 3251; x_wconf 88' lang='lat' dir='ltr'>quasi</span> <span class='ocrx_word' id='word_1_230' title='bbox 1019 3188 1179 3231; x_wconf 90' lang='lat' dir='ltr'>summum</span> <span class='ocrx_word' id='word_1_231' title='bbox 1189 3170 1222 3232; x_wconf 89' lang='lat' dir='ltr'>et</span> <span class='ocrx_word' id='word_1_232' title='bbox 1233 3166 1440 3251; x_wconf 88' lang='lat' dir='ltr'>praecipuum</span> <span class='ocrx_word' id='word_1_233' title='bbox 1454 3188 1559 3253; x_wconf 84' lang='lat' dir='ltr'>gram·</span> 
     </span>
     <span class='ocr_line' id='line_1_27' title="bbox 394 3272 1560 3360; baseline 0.001 -20"><span class='ocrx_word' id='word_1_234' title='bbox 394 3274 503 3340; x_wconf 88' lang='lat' dir='ltr'>matioi</span> <span class='ocrx_word' id='word_1_235' title='bbox 532 3296 649 3339; x_wconf 91' lang='lat' dir='ltr'>munus</span> <span class='ocrx_word' id='word_1_236' title='bbox 678 3274 879 3359; x_wconf 88' lang='lat' dir='ltr'>postulatum</span> <span class='ocrx_word' id='word_1_237' title='bbox 908 3277 1005 3358; x_wconf 87' lang='lat' dir='ltr'>atque</span> <span class='ocrx_word' id='word_1_238' title='bbox 1035 3272 1248 3360; x_wconf 88' lang='lat' dir='ltr'>efflagitatum</span> <span class='ocrx_word' id='word_1_239' title='bbox 1279 3296 1348 3340; x_wconf 90' lang='lat' dir='ltr'>esse</span> <span class='ocrx_word' id='word_1_240' title='bbox 1374 3275 1560 3354; x_wconf 81' lang='lat' dir='ltr'>invenimus,</span> 
     </span>
     <span class='ocr_line' id='line_1_28' title="bbox 394 3379 1560 3467; baseline 0 -20"><span class='ocrx_word' id='word_1_241' title='bbox 394 3386 431 3448; x_wconf 90' lang='lat' dir='ltr'>ut</span> <span class='ocrx_word' id='word_1_242' title='bbox 449 3405 574 3465; x_wconf 75' lang='lat' dir='ltr'>„omnes</span> <span class='ocrx_word' id='word_1_243' title='bbox 595 3395 791 3467; x_wconf 67' lang='lat' dir='ltr'>quaesiturae-s</span> <span class='ocrx_word' id='word_1_244' title='bbox 805 3380 910 3465; x_wconf 78' lang='lat' dir='ltr'>posset</span> <span class='ocrx_word' id='word_1_245' title='bbox 931 3379 1123 3448; x_wconf 51' lang='lat' dir='ltr'>malvae&amp;</span> <span class='ocrx_word' id='word_1_246' title='bbox 1164 3381 1218 3446; x_wconf 81' lang='lat' dir='ltr'>Sic</span> <span class='ocrx_word' id='word_1_247' title='bbox 1239 3379 1404 3447; x_wconf 84' lang='lat' dir='ltr'>Tiberium</span> <span class='ocrx_word' id='word_1_248' title='bbox 1427 3387 1461 3449; x_wconf 92' lang='lat' dir='ltr'>et</span> <span class='ocrx_word' id='word_1_249' title='bbox 1480 3381 1560 3448; x_wconf 78' lang='lat' dir='ltr'>alios</span> 
     </span>
     <span class='ocr_line' id='line_1_29' title="bbox 392 3486 1560 3576; baseline -0.001 -22"><span class='ocrx_word' id='word_1_250' title='bbox 392 3489 601 3574; x_wconf 87' lang='lat' dir='ltr'>imperatores</span> <span class='ocrx_word' id='word_1_251' title='bbox 629 3487 785 3554; x_wconf 87' lang='lat' dir='ltr'>eiusmodi</span> <span class='ocrx_word' id='word_1_252' title='bbox 810 3486 1013 3572; x_wconf 88' lang='lat' dir='ltr'>problemata</span> <span class='ocrx_word' id='word_1_253' title='bbox 1033 3487 1073 3553; x_wconf 89' lang='lat' dir='ltr'>iis</span> <span class='ocrx_word' id='word_1_254' title='bbox 1094 3488 1300 3573; x_wconf 88' lang='lat' dir='ltr'>proposuisse</span> <span class='ocrx_word' id='word_1_255' title='bbox 1321 3488 1474 3576; x_wconf 88' lang='lat' dir='ltr'>legimus,</span> <span class='ocrx_word' id='word_1_256' title='bbox 1495 3511 1560 3554; x_wconf 92' lang='lat' dir='ltr'>non</span> 
     </span>
     <span class='ocr_line' id='line_1_30' title="bbox 393 3593 1559 3681; baseline 0.002 -20"><span class='ocrx_word' id='word_1_257' title='bbox 393 3597 479 3678; x_wconf 90' lang='lat' dir='ltr'>ioco,</span> <span class='ocrx_word' id='word_1_258' title='bbox 505 3600 662 3681; x_wconf 87' lang='lat' dir='ltr'>quantum</span> <span class='ocrx_word' id='word_1_259' title='bbox 687 3618 726 3662; x_wconf 86' lang='lat' dir='ltr'>ex</span> <span class='ocrx_word' id='word_1_260' title='bbox 748 3595 933 3661; x_wconf 90' lang='lat' dir='ltr'>auctoribus</span> <span class='ocrx_word' id='word_1_261' title='bbox 954 3593 1138 3681; x_wconf 87' lang='lat' dir='ltr'>intelligere</span> <span class='ocrx_word' id='word_1_262' title='bbox 1159 3596 1244 3677; x_wconf 85' lang='lat' dir='ltr'>licet,</span> <span class='ocrx_word' id='word_1_263' title='bbox 1265 3598 1322 3662; x_wconf 91' lang='lat' dir='ltr'>sed</span> <span class='ocrx_word' id='word_1_264' title='bbox 1343 3598 1436 3663; x_wconf 89' lang='lat' dir='ltr'>serio.</span> <span class='ocrx_word' id='word_1_265' title='bbox 1480 3597 1559 3663; x_wconf 88' lang='lat' dir='ltr'>Sue·</span> 
     </span>
     <span class='ocr_line' id='line_1_31' title="bbox 393 3702 1559 3787; baseline 0.002 -19"><span class='ocrx_word' id='word_1_266' title='bbox 393 3702 502 3768; x_wconf 90' lang='lat' dir='ltr'>tonius</span> <span class='ocrx_word' id='word_1_267' title='bbox 524 3704 563 3768; x_wconf 92' lang='lat' dir='ltr'>de</span> <span class='ocrx_word' id='word_1_268' title='bbox 585 3702 706 3768; x_wconf 85' lang='lat' dir='ltr'>Tiberii</span> <span class='ocrx_word' id='word_1_269' title='bbox 733 3703 849 3768; x_wconf 88' lang='lat' dir='ltr'>studiis</span> <span class='ocrx_word' id='word_1_270' title='bbox 871 3725 1004 3767; x_wconf 88' lang='lat' dir='ltr'>narrans</span> <span class='ocrx_word' id='word_1_271' title='bbox 1026 3705 1066 3787; x_wconf 87' lang='lat' dir='ltr'>(o.</span> <span class='ocrx_word' id='word_1_272' title='bbox 1087 3707 1153 3787; x_wconf 82' lang='lat'><strong>70):</strong></span> <span class='ocrx_word' id='word_1_273' title='bbox 1179 3703 1335 3782; x_wconf 88' lang='lat' dir='ltr'>„Maxime</span> <span class='ocrx_word' id='word_1_274' title='bbox 1356 3709 1491 3784; x_wconf 84' lang='lat' dir='ltr'>tamen“,</span> <span class='ocrx_word' id='word_1_275' title='bbox 1509 3705 1559 3770; x_wconf 93' lang='lat' dir='ltr'>in·</span> 
     </span>
     <span class='ocr_line' id='line_1_32' title="bbox 393 3808 1559 3897; baseline 0.002 -22"><span class='ocrx_word' id='word_1_276' title='bbox 393 3811 472 3896; x_wconf 91' lang='lat' dir='ltr'>quit,</span> <span class='ocrx_word' id='word_1_277' title='bbox 486 3809 627 3890; x_wconf 83' lang='lat' dir='ltr'>„curavit</span> <span class='ocrx_word' id='word_1_278' title='bbox 641 3809 791 3876; x_wconf 88' lang='lat' dir='ltr'>notitiam</span> <span class='ocrx_word' id='word_1_279' title='bbox 805 3808 959 3875; x_wconf 89' lang='lat' dir='ltr'>historiae</span> <span class='ocrx_word' id='word_1_280' title='bbox 972 3810 1125 3877; x_wconf 84' lang='lat' dir='ltr'>fabularis</span> <span class='ocrx_word' id='word_1_281' title='bbox 1140 3833 1243 3896; x_wconf 88' lang='lat' dir='ltr'>usque</span> <span class='ocrx_word' id='word_1_282' title='bbox 1258 3812 1298 3877; x_wconf 90' lang='lat' dir='ltr'>ad</span> <span class='ocrx_word' id='word_1_283' title='bbox 1311 3811 1449 3896; x_wconf 89' lang='lat' dir='ltr'>ineptias</span> <span class='ocrx_word' id='word_1_284' title='bbox 1463 3816 1559 3897; x_wconf 90' lang='lat' dir='ltr'>atque</span> 
     </span>
     <span class='ocr_line' id='line_1_33' title="bbox 392 3916 1559 4006; baseline 0.003 -24"><span class='ocrx_word' id='word_1_285' title='bbox 392 3917 542 3984; x_wconf 86' lang='lat' dir='ltr'>derisum.</span> <span class='ocrx_word' id='word_1_286' title='bbox 576 3916 662 3983; x_wconf 90' lang='lat' dir='ltr'>Nam</span> <span class='ocrx_word' id='word_1_287' title='bbox 677 3920 710 3982; x_wconf 91' lang='lat' dir='ltr'>et</span> <span class='ocrx_word' id='word_1_288' title='bbox 724 3918 959 4001; x_wconf 88' lang='lat' dir='ltr'>grammaticos,</span> <span class='ocrx_word' id='word_1_289' title='bbox 981 3918 1068 4004; x_wconf 93' lang='lat' dir='ltr'>quod</span> <span class='ocrx_word' id='word_1_290' title='bbox 1082 3939 1185 4004; x_wconf 87' lang='lat' dir='ltr'>genus</span> <span class='ocrx_word' id='word_1_291' title='bbox 1199 3918 1367 3984; x_wconf 90' lang='lat' dir='ltr'>hominum</span> <span class='ocrx_word' id='word_1_292' title='bbox 1380 3921 1559 4006; x_wconf 88' lang='lat' dir='ltr'>praecipue,</span> 
     </span>
     <span class='ocr_line' id='line_1_34' title="bbox 392 4024 1559 4113; baseline 0.004 -24"><span class='ocrx_word' id='word_1_293' title='bbox 392 4028 430 4089; x_wconf 93' lang='lat' dir='ltr'>ut</span> <span class='ocrx_word' id='word_1_294' title='bbox 444 4024 589 4104; x_wconf 83' lang='lat' dir='ltr'>diximus,</span> <span class='ocrx_word' id='word_1_295' title='bbox 605 4025 786 4110; x_wconf 89' lang='lat' dir='ltr'>appetebat,</span> <span class='ocrx_word' id='word_1_296' title='bbox 811 4025 969 4091; x_wconf 89' lang='lat' dir='ltr'>eiusmodi</span> <span class='ocrx_word' id='word_1_297' title='bbox 982 4025 1049 4091; x_wconf 82' lang='lat' dir='ltr'>fere</span> <span class='ocrx_word' id='word_1_298' title='bbox 1064 4026 1307 4110; x_wconf 88' lang='lat' dir='ltr'>quaestionibus</span> <span class='ocrx_word' id='word_1_299' title='bbox 1324 4029 1559 4113; x_wconf 81' lang='lat' dir='ltr'>experiebatur:</span> 
     </span>
    </p>

    <p class='ocr_par' dir='ltr' id='par_1_6' title="bbox 310 4130 1561 4437">
     <span class='ocr_line' id='line_1_35' title="bbox 310 4130 1560 4221; baseline 0.004 -25"><span class='ocrx_word' id='word_1_300' title='bbox 310 4133 382 4206; x_wconf 78' lang='lat'><strong>(220)</strong></span> <span class='ocrx_word' id='word_1_301' title='bbox 395 4130 484 4210; x_wconf 84' lang='lat' dir='ltr'>Quae</span> <span class='ocrx_word' id='word_1_302' title='bbox 498 4137 601 4198; x_wconf 87' lang='lat' dir='ltr'>mater</span> <span class='ocrx_word' id='word_1_303' title='bbox 615 4132 780 4198; x_wconf 86' lang='lat' dir='ltr'>Hecubae:</span> <span class='ocrx_word' id='word_1_304' title='bbox 802 4132 897 4210; x_wconf 82' lang='lat' dir='ltr'>Quod</span> <span class='ocrx_word' id='word_1_305' title='bbox 912 4133 1033 4200; x_wconf 90' lang='lat' dir='ltr'>Achilli</span> <span class='ocrx_word' id='word_1_306' title='bbox 1047 4154 1166 4198; x_wconf 92' lang='lat' dir='ltr'>nomen</span> <span class='ocrx_word' id='word_1_307' title='bbox 1180 4134 1266 4201; x_wconf 90' lang='lat' dir='ltr'>inter</span> <span class='ocrx_word' id='word_1_308' title='bbox 1279 4135 1420 4221; x_wconf 83' lang='lat' dir='ltr'>virgines</span> <span class='ocrx_word' id='word_1_309' title='bbox 1434 4136 1560 4202; x_wconf 83' lang='lat' dir='ltr'>fuisset:</span> 
     </span>
     <span class='ocr_line' id='line_1_36' title="bbox 393 4239 1560 4328; baseline 0.004 -24"><span class='ocrx_word' id='word_1_310' title='bbox 393 4239 478 4317; x_wconf 81' lang='lat' dir='ltr'>Quid</span> <span class='ocrx_word' id='word_1_311' title='bbox 506 4240 633 4306; x_wconf 86' lang='lat' dir='ltr'>Sirenes</span> <span class='ocrx_word' id='word_1_312' title='bbox 664 4244 791 4305; x_wconf 89' lang='lat' dir='ltr'>cantare</span> <span class='ocrx_word' id='word_1_313' title='bbox 822 4241 889 4306; x_wconf 90' lang='lat' dir='ltr'>sint</span> <span class='ocrx_word' id='word_1_314' title='bbox 919 4241 1058 4307; x_wconf 84' lang='lat' dir='ltr'>solitae“.</span> <span class='ocrx_word' id='word_1_315' title='bbox 1104 4241 1154 4307; x_wconf 91' lang='lat' dir='ltr'>De</span> <span class='ocrx_word' id='word_1_316' title='bbox 1179 4242 1344 4309; x_wconf 88' lang='lat' dir='ltr'>Hadriano</span> <span class='ocrx_word' id='word_1_317' title='bbox 1372 4241 1560 4328; x_wconf 82' lang='lat' dir='ltr'>Spartianus</span> 
     </span>
     <span class='ocr_line' id='line_1_37' title="bbox 393 4347 1561 4437; baseline 0.006 -26"><span class='ocrx_word' id='word_1_318' title='bbox 393 4368 419 4411; x_wconf 89' lang='lat' dir='ltr'>o.</span> <span class='ocrx_word' id='word_1_319' title='bbox 435 4353 487 4415; x_wconf 80' lang='lat'>20:</span> <span class='ocrx_word' id='word_1_320' title='bbox 507 4348 621 4433; x_wconf 89' lang='lat' dir='ltr'>„Apud</span> <span class='ocrx_word' id='word_1_321' title='bbox 639 4347 865 4413; x_wconf 83' lang='lat' dir='ltr'>Alexandriam</span> <span class='ocrx_word' id='word_1_322' title='bbox 884 4348 918 4411; x_wconf 92' lang='lat' dir='ltr'>in</span> <span class='ocrx_word' id='word_1_323' title='bbox 939 4348 1052 4415; x_wconf 87' lang='lat' dir='ltr'>Museo</span> <span class='ocrx_word' id='word_1_324' title='bbox 1073 4349 1190 4414; x_wconf 88' lang='lat' dir='ltr'>multas</span> <span class='ocrx_word' id='word_1_325' title='bbox 1212 4352 1416 4434; x_wconf 87' lang='lat' dir='ltr'>quaestiones</span> <span class='ocrx_word' id='word_1_326' title='bbox 1437 4353 1561 4437; x_wconf 82' lang='lat' dir='ltr'>profes·</span> 
     </span>
    </p>
   </div>
   <div class='ocr_carea' id='block_1_4' title="bbox 0 0 1718 4934">
    <p class='ocr_par' dir='ltr' id='par_1_7' title="bbox 0 0 1718 4934">
     <span class='ocr_line' id='line_1_38' title="bbox 0 0 1718 4934; baseline 0 0"><span class='ocrx_word' id='word_1_327' title='bbox 0 0 1718 4934; x_wconf 95' lang='lat' dir='ltr'> </span> 
     </span>
    </p>
   </div>
  </div>
 </body>
</html>
