3425 4934
556 358 579 409 2.
605 347 731 426 βάλλειν,
751 344 883 418 οάτάσαι,
900 352 958 409 sim.
1303 360 1341 422 61

171 521 245 586 inde
260 519 357 586 mcdc
371 520 487 586 (licitur
500 521 681 608 significare
696 513 925 605 ἐπιτυγχάνειν
939 521 990 586 vel
1004 514 1196 597 πατάσσειν,
1217 515 1342 596 παίειν,

171 628 267 693 modo
287 620 500 711 τιτρώσκειν.)

254 735 390 800 Omnem
410 758 505 802 usum
525 738 613 801 vccis
633 731 772 817 βάλλειν
794 758 891 820 quam
910 735 1038 801 difficile
1060 738 1102 802 sit
1124 758 1163 801 ex
1183 738 1274 801 tantu
1294 734 1344 800 lo·

172 862 281 907 corum
307 843 402 928 copia
425 866 536 909 cruere
561 845 630 929 ipse
657 847 807 929 expertus
835 866 914 908 sum.
958 842 1064 920 Quare
1096 843 1205 908 statim
1230 841 1341 919 (ticam,
1355 843 1409 914 (⁷²)

172 953 208 1015 ut
233 972 340 1016 resse
362 949 489 1017 habeat.
530 951 583 1018 Sic
609 951 723 1017 mulius
744 951 923 1016 Aristarchi
952 950 1098 1016 doctriua
1124 948 1344 1034 explicabitur.

172 1052 310 1138 βάλλειν
328 1052 403 1121 τινά
425 1058 458 1122 id
473 1058 644 1145 siguificat,
666 1058 753 1143 quod
767 1058 972 1126 Aristarchus
994 1057 1116 1122 docuit:
1137 1057 1194 1122 scd
1216 1079 1254 1122 co
1277 1079 1343 1123 ncn

172 1165 335 1249 pertinent
362 1165 493 1230 omuino
515 1166 539 1230 ii
559 1164 624 1230 loci
646 1166 702 1232 ubi
723 1162 861 1249 βάλλειν
882 1164 944 1229 sibi
965 1164 1152 1230 adiunctum
1171 1164 1270 1229 habet
1292 1185 1345 1228 ac·

173 1273 351 1338 curativum
369 1271 475 1352 incuti,
498 1295 524 1338 ε.
545 1294 577 1358 g.
598 1268 737 1356 βάλλειν
758 1266 824 1349 ἶόνς
845 1294 905 1357 pro
926 1271 990 1337 hcc
1010 1271 1190 1337 accusativo
1212 1271 1345 1356 ponitur

174 1380 271 1444 etium
292 1379 417 1445 dativus
438 1373 578 1462 βάλλειν
598 1372 652 1465 ἰῷ,
675 1384 709 1447 ct
729 1380 927 1446 coniunctim
943 1372 1082 1462 βάλλειν
1101 1375 1175 1442 τινὰ
1196 1371 1245 1462 ἰῷ.
1278 1377 1347 1444 Iam

174 1488 230 1552 ubi
255 1486 347 1552 nullo
379 1486 488 1552 addito
516 1509 592 1553 cusu
621 1487 728 1553 solum
753 1482 892 1569 βάλλειν
917 1487 1092 1564 invenitur,
1122 1490 1270 1551 nostrum
1297 1490 1348 1552 cst

174 1594 313 1660 iudicare
334 1594 414 1660 locis
440 1593 578 1680 singuiis
599 1595 683 1660 sitne
707 1595 736 1660 is
763 1596 976 1672 accusativus,
1006 1595 1062 1678 qui
1083 1592 1223 1659 iaculum
1244 1592 1347 1679 signi·

174 1702 257 1779 ficut,
278 1701 386 1766 animo
406 1700 614 1787 supplendus,
634 1724 676 1766 un
696 1702 732 1783 is,
754 1725 819 1787 quc
838 1702 938 1767 hcmc
957 1701 1063 1767 iaculo
1084 1701 1180 1766 ictus:
1203 1700 1292 1785 quod
1311 1701 1346 1764 in

175 1808 341 1874 nonnuliis
362 1810 397 1874 in
418 1808 525 1874 medic
544 1807 791 1895 relinquetur.
830 1809 966 1889 Addam,
983 1830 1023 1874 uc
1042 1807 1121 1892 quid
1136 1807 1228 1886 desit,
1251 1801 1348 1884 ἕλκος

173 1910 313 1998 βάλλειν
336 1910 447 1998 (ἕλκος
470 1953 513 1965 -
537 1912 577 1982 τό
600 1938 660 1998 μιν
687 1910 771 1999 βάλε
790 1909 972 2000 Πάνδαρος
993 1908 1034 1999 ἰῷ
1061 1916 1091 1978 Ε
1110 1920 1181 1982 795.
1216 1917 1255 1976 Π
1272 1918 1346 1996 511)

174 2024 243 2104 dici,
265 2029 302 2091 ut
323 2019 422 2101 ἕλκος
440 2020 575 2089 τύπτειν
596 2023 641 2106 (Ω
659 2025 779 2107 421)”.
815 2022 884 2090 Iam
904 2023 945 2088 ad
965 2022 1141 2089 Aristonici
1162 2022 1347 2087 testimonia

175 2155 285 2218 pergo.
324 2136 355 2196 Γ
366 2137 427 2202 368
449 2127 486 2197 ἐκ
508 2127 547 2196 δέ
566 2152 628 2214 μοι
648 2124 742 2215 ἔγχος
762 2123 865 2219 ῆΐχθη
888 2125 1091 2219 παλάμηφιν
1112 2122 1251 2194 ἐτώσιον
1272 2121 1344 2194 οὐδ’

174 2233 292 2321 ἔβαλόν
312 2263 387 2322 μινι
417 2234 470 2303 δτι
497 2240 616 2327 σαφῶς
639 2235 678 2305 τὸ
705 2230 779 2304 οὐδ’
803 2230 929 2321 ἔβαλόν
950 2260 1009 2320 μιν
1034 2231 1206 2325 <σημαίνει
1227 2235 1347 2302 deleuit

174 2347 339 2433 Lehruius)
364 2341 438 2414 άντὶ
464 2350 524 2412 τοῦ
555 2339 634 2412 οάδὲ
659 2337 811 2425 ἐπάταξα
839 2338 948 2414 αὐτόν.
999 2348 1032 2411 Δ
1060 2352 1117 2415 117
1143 2341 1182 2411 τὸ
1208 2337 1348 2426 βάλλειν

168 2450 314 2540 ’Όμηρος
336 2447 397 2520 crin
418 2450 476 2521 ἐπὶ
492 2457 550 2519 τοῦ
569 2452 681 2542 ψιλῶς
700 2449 875 2537 προέσθαι
891 2449 1037 2539 τίθησιν.
1073 2453 1103 2515 Ε
1117 2460 1154 2520 17
1181 2444 1347 2514 Τυδείδεαι

176 2554 207 2625 δ’
221 2556 306 2645 δπδρ
327 2551 421 2644 ὦμον
441 2552 615 2645 άριοτερὸν
633 2553 732 2649 ἤλυθ’
752 2553 865 2645 άκιυκδ]
889 2555 999 2646 ἔγχεος
1020 2552 1094 2626 οὐδ’
1116 2553 1138 2625 ἔ
1156 2551 1208 2623 αλ’
1232 2549 1349 2622 αὖτόνε

175 2660 246 2734 cini
270 2671 331 2734 τοῦ
358 2662 419 2734 οὐκ
445 2662 607 2749 ἐπέτυχεν.
654 2671 686 2733 Β
707 2674 749 2736 52
776 2664 903 2734 ἐσθλὸν
929 2670 1116 2756 θηρητῆρα·
1146 2660 1261 2745 δίδαξε
1286 2661 1347 2748 γὰρ

166 2768 323 2858 ’Ἀρτεμις
350 2769 432 2866 αὐτῆ
461 2771 600 2860 βάλλειν
625 2770 726 2862 άγρια
755 2770 882 2841 πάντας
918 2771 971 2840 ὅτι
1000 2777 1117 2862 σαφῶς
1144 2771 1183 2838 τὸ
1211 2767 1349 2855 βάλλειν

175 2875 245 2949 cini
262 2884 348 2968 (τοῦ)
367 2878 545 2968 τυγχάνειν.
584 2885 615 2949 Θ
632 2890 693 2954 299
714 2876 838 2961 πάντες
859 2875 991 2969 (ὀϊστοὶ)
1015 2876 1047 2948 δ’
1071 2878 1106 2947 ἐν
1123 2879 1201 2965 χροῒ
1218 2882 1349 2968 πῆχθεν

176 2982 350 3077 άρηῖθόων
371 2984 508 3078 αἰζηῶν,
534 2994 652 3057 τοῦτον
679 2983 711 3056 δ’
735 2983 773 3057 οὗ
796 2983 942 3073 δύναμαι
966 2986 1103 3075 βαλέειν
1129 2982 1211 3054 κύνα
1229 2986 1349 3074 λυσση-

174 3099 273 3185 τῆραε
294 3092 348 3163 ὅτι
362 3090 436 3163 cini
454 3101 515 3163 τοῦ
531 3101 655 3164 παῖσαι
675 3096 733 3165 καὶ
753 3100 786 3180 (L
800 3096 853 3181 τὸ)
874 3096 999 3181 βαλεῖν.
1037 3096 1085 3164 lb.
1101 3102 1161 3166 301
1186 3086 1207 3185 ῆ
1228 3098 1270 3183 ῥα
1291 3092 1395 3167 καὶαι

176 3196 279 3271 άλλον
308 3197 421 3271 ὀϊστὸν
450 3198 521 3271 άπὸ
549 3208 707 3293 νευρῆφιν
733 3199 850 3271 ἴαλλεν
863 3201 1021 3292 Ἕκτορος
1040 3197 1188 3290 άντικρά,
1213 3199 1349 3289 βαλέειν

178 3308 214 3378 δέ
234 3307 334 3379 ἕλετο
355 3311 478 3395 θυμός·
501 3311 558 3379 καὶ
577 3317 634 3379 τοῦ
654 3309 715 3397 μέν
735 3305 767 3400 ρ’
791 3305 982 3400 ἀφάμαρθ’,
1004 3308 1023 3380 ὃ
1045 3305 1077 3378 δ’
1095 3305 1251 3396 άμάμονα
1266 3306 1348 3394 Γορ·

177 3414 339 3504 γυθίωνα,
363 3415 436 3488 υἱὸν
449 3418 505 3486 ἐῢν
519 3414 704 3504 Πριάμοιο,
729 3418 815 3485 κατὰ
835 3424 964 3509 στῆθος
984 3414 1087 3505 βάλεν
1104 3414 1161 3507 ici:
1182 3416 1215 3509 (ῆ
1231 3418 1348 3507 διπλῆ)

177 3526 261 3612 πρὸς
280 3526 319 3594 τὸ
340 3525 485 3612 βαλέειν.
522 3535 581 3598 313
597 3529 669 3595 locc
685 3528 861 3597 simillimo:
881 3524 913 3617 (ἡ
937 3527 1054 3617 διπλῆ)
1079 3526 1165 3611 πρὸς
1185 3527 1223 3595 τὸ
1244 3521 1349 3613 βάλεν

179 3628 248 3701 ἀντὶ
268 3638 328 3702 τοῦ
342 3630 488 3704 ἔπαισεν.
528 3639 557 3703 Θ
571 3642 632 3706 322
647 3628 666 3703 δ
682 3631 719 3702 δδ
737 3631 920 3721 χερμάδιον
938 3630 1021 3720 λάβε
1032 3630 1134 3722 χειρί·
1154 3640 1197 3725 βῆ
1210 3629 1244 3701 δ’
1269 3629 1349 3712 ἰθὺς
1360 3644 1415 3713 (τε)

182 3737 337 3827 Τεύκρου,
354 3740 490 3827 βαλέειν
501 3740 540 3810 δέ
553 3740 570 3810 ά
583 3741 696 3826 θυμὸς
708 3736 846 3829 άνιόγειι
866 3741 1002 3828 βαλέειν
1015 3740 1066 3810 ὅτι
1083 3741 1139 3810 ἐπὶ
1152 3747 1210 3810 τοῦ
1222 3744 1349 3824 τρῶσαι

180 3852 252 3931 (hoc
278 3874 366 3919 nuuc
388 3852 518 3937 quidem
538 3857 666 3919 tanturn
690 3851 725 3916 in
747 3853 816 3919 cort
837 3857 880 3932 V,
905 3853 962 3918 scd
983 3852 1077 3917 fluxit
1096 3852 1166 3918 sinc
1189 3850 1287 3916 dubio
1310 3872 1349 3916 ex

244 4160 270 4202 ³⁶
286 4158 332 4215 Sic
343 4156 518 4215 notissimum
530 4156 599 4212 illud
610 4151 692 4227 βάλλ’
709 4151 801 4219 οὕτως
820 4162 853 4213 αλ
868 4157 920 4214 ιιάν
937 4176 965 4213 τι
982 4153 1069 4227 φάιος
1079 4158 1111 4212 Δ.
1123 4155 1225 4228 γένηαι
1237 4155 1349 4211 Vossius

180 4246 252 4299 certc
265 4243 296 4299 in
307 4260 342 4299 οε
353 4240 484 4308 cditicnc,
502 4258 559 4311 quc
576 4258 628 4313 ego
646 4245 719 4307 utcu,
736 4242 832 4298 vertit:
851 4242 923 4296 'Priff
937 4260 968 4297 εο
984 4241 1048 4297 fort.
1072 4241 1129 4295 Alii
1139 4240 1259 4295 malent:
1276 4240 1349 4295 Wirt

178 4343 207 4381 ⁸⁰
222 4327 405 4484 ἰΐβάλλειν
421 4414 535 4481 τραῦμα
552 4410 625 4464 ΡΙελ.
643 4426 701 4482 rcp.
720 4408 760 4463 lII
780 4414 857 4465 408⁸.
