3425 4934
340 299 381 359 24
623 288 645 346 Ι.
663 289 706 346 De
724 288 849 345 fontibus
868 287 1013 343 doctrinae
1030 285 1231 344 Aristarcheae.

341 463 426 525 serat
451 456 528 543 περὶ
553 461 613 524 τοῦ
637 454 683 546 μὴ
707 453 876 542 γεγονέναι
902 450 1060 532 πλείονας
1083 449 1233 532 ἐκδόσεις
1259 459 1320 541 τῆς
1339 450 1511 538 Ἀρισταρ-

339 560 430 647 χιίσσ
449 558 665 647 διορθώσεως
678 569 724 649 (Κ
738 568 820 650 397).
844 566 964 645 Quidni
979 586 1140 650 opponam
1155 564 1292 630 eundem
1303 564 1511 630 Ammonium

342 676 386 760 <u
401 674 501 740 schol.
516 675 659 739 Ariston.
682 679 713 736 T
723 676 800 759 365>
822 675 986 759 scripsisse
1000 667 1151 755 περὶτῆς
1164 666 1405 757 &accesisse
1421 670 1512 752 διορ-

342 776 482 858 θώσεως
496 784 552 864 (sc.
571 774 809 865 Ἀριστάρχου),
834 783 873 847 de
889 804 953 867 qua
969 802 1036 846 non
1057 783 1185 865 poterat
1205 781 1353 858 scribere,
1375 781 1403 844 si
1424 780 1514 844 nulla

343 894 419 956 erat
455 890 490 956 Si
505 890 545 954 ad
566 890 806 975 supposititiam
825 890 879 955 hic
899 889 982 954 liber
996 888 1187 973 pertinebat,
1206 888 1430 953 inscribendus
1445 891 1514 952 erat

342 993 498 1084 περὶτῆς
517 989 826 1080 ὦς’Λρισταρχείοο
847 991 1033 1084 φερομένης
1053 988 1285 1073 διορθώσεως.
1326 994 1514 1078 Suspicatus

344 1110 393 1171 est
413 1104 553 1170 Wolfius
579 1109 717 1190 utroque
747 1105 844 1171 titulo
873 1103 1010 1170 eundem
1031 1102 1197 1166 Ammonii
1223 1100 1341 1167 librum
1369 1102 1512 1166 indicari.

343 1212 415 1278 Hoc
441 1235 552 1278 verum
578 1212 730 1278 fortasse:
763 1212 914 1277 affirmari
942 1209 1065 1294 nequit.
1102 1208 1165 1274 Sed
1192 1208 1254 1273 hoc
1281 1209 1513 1289 affirmandum,

343 1320 435 1385 illum
457 1306 598 1404 priorem
622 1320 754 1385 titulum
773 1320 836 1385 hoc
863 1319 925 1384 sibi
954 1316 1049 1382 velle:
1079 1312 1157 1397 περὶ
1184 1318 1244 1381 τοῦ
1270 1313 1316 1413 μὴ
1345 1311 1515 1400 γεγονέναι

343 1421 505 1503 πλείονας
525 1418 675 1504 ἐκδόσεις
693 1433 750 1515 τῆς
768 1419 1015 1510 Ἀρισιαρχείου
1039 1415 1254 1505 διορθώσεως
1273 1461 1315 1472 -
1334 1426 1400 1487 τῶν
1422 1420 1482 1489 δύο
1492 1429 1513 1494 ²,

344 1533 418 1600 Nisi
439 1534 525 1619 apud
544 1534 768 1600 Aristarcheos
793 1535 832 1600 de
859 1534 978 1618 duplici
1005 1533 1152 1618 magistri
1174 1531 1315 1597 editione
1336 1533 1515 1613 constabat,

345 1664 411 1706 non
435 1644 564 1725 poterat
589 1641 725 1726 duplicis
755 1642 906 1707 editionis
932 1641 1088 1707 lectiones
1117 1662 1176 1724 per
1203 1643 1309 1703 totum
1336 1639 1514 1705 Homerum

346 1770 505 1833 exponere
526 1747 683 1833 Didymus
710 1753 743 1814 et
767 1751 936 1833 utriusque
963 1749 1014 1814 vel
1042 1768 1235 1814 consensum
1261 1746 1313 1810 vol
1335 1747 1515 1812 dissensum

346 1860 469 1921 notare.
514 1855 650 1921 Credere
677 1878 753 1921 vero
773 1856 983 1921 Ammonium
1004 1855 1141 1940 probare
1161 1853 1310 1931 voluisse,
1332 1855 1419 1938 quod
1441 1855 1514 1919 dein

347 1984 405 2049 pro
423 1963 504 2029 falso
519 1964 675 2048 agnitum,
698 1964 912 2029 temerarium.
943 1963 1022 2041 Quis
1043 1965 1077 2027 in
1098 1964 1159 2029 hac
1180 1984 1215 2026 re
1236 1984 1348 2026 verum
1370 1961 1517 2027 docuerit

346 2071 455 2158 potius
476 2092 573 2155 quam
595 2071 723 2136 scholae
745 2075 931 2137 successor?
952 2071 1011 2136 Oui
1032 2071 1101 2154 ipse
1122 2069 1279 2154 Didymus
1301 2091 1367 2134 non
1388 2073 1516 2134 tantum

244 2164 248 2169 ¹
346 2178 442 2242 fidem
458 2177 581 2255 tribuit,
602 2178 659 2242 sed
675 2179 772 2244 etiam
790 2201 867 2263 prae
888 2178 960 2242 aliis
980 2178 1076 2243 fidem
1098 2178 1207 2243 deberi
1228 2176 1397 2263 significat.
1433 2176 1516 2255 Vide

347 2285 443 2350 modo
466 2286 496 2347 B
513 2292 580 2353 111.
602 2288 637 2348 Κ
654 2289 724 2353 397.
747 2285 786 2351 cf.
811 2289 844 2348 T
861 2291 931 2354 365.
952 2290 984 2347 Ζ
996 2292 1036 2353 76
1054 2286 1123 2367 (ubi
1145 2277 1192 2362 ὡς
1209 2277 1423 2369 Ἀριστάρχου
1444 2284 1516 2370 leg,

348 2414 413 2457 non
435 2393 525 2473 -χσς).
563 2395 593 2454 Γ
611 2396 681 2461 368.
704 2395 740 2456 H
761 2401 788 2460 7.
814 2396 922 2461 1540.
970 2394 1138 2459 Crederem
1163 2393 1191 2457 si
1217 2415 1342 2457 summa
1368 2392 1518 2458 credendi
1633 2427 1635 2429 >

347 2500 521 2565 necessitas
547 2504 646 2583 esset,
678 2523 761 2584 quae
787 2501 877 2566 nulla
903 2506 960 2567 est.
1010 2501 1099 2587 Ergo
1125 2500 1205 2565 mihi
1231 2504 1353 2565 certum
1383 2504 1432 2565 est
1457 2522 1518 2564 nec

348 2607 557 2673 Ammonium
585 2607 624 2672 dc
646 2606 765 2692 duplici
795 2607 935 2673 editione
962 2608 1139 2673 dubitasse:
1169 2629 1281 2672 omnes
1307 2629 1383 2671 vero
1404 2610 1519 2691 postca

305 2738 338 2788 ιι
349 2714 571 2782 Aristarcheos
585 2714 745 2800 duplicem
763 2716 922 2795 statuisse,
942 2715 1006 2781 hoc
1019 2714 1176 2800 Didymus
1190 2737 1257 2780 non
1272 2714 1350 2779 sinit
1364 2714 1518 2780 dubitare.

283 2831 337 2899 (28)
351 2822 521 2901 Quomodo
536 2822 604 2887 fieri
618 2823 762 2907 potuerit
781 2827 819 2888 ut
832 2828 960 2907 praeter
979 2846 1041 2901 eas,
1064 2846 1143 2908 quas
1158 2821 1363 2887 Aristarchus
1385 2821 1519 2887 editioni

348 2933 523 3015 paraverat,
546 2930 627 2996 aliae
642 2930 800 2995 editiones
816 2932 884 2996 eius
904 2932 1034 2997 nomine
1056 2930 1343 3008 circumferrentur,
1364 2929 1427 2993 hoc
1448 2928 1518 3012 ipse

349 3036 487 3103 Wolfius
509 3037 586 3103 satis
607 3037 740 3121 pulchre
762 3037 892 3102 strinxit
912 3060 943 3122 p.
965 3036 1190 3103 CDXXXVIII.

431 3268 498 3351 56.
532 3267 585 3332 Ad
605 3267 735 3352 Didymi
752 3266 872 3333 librum
890 3268 1089 3333 redeundum
1111 3271 1169 3332 est.
1200 3267 1349 3332 Vidimus
1370 3269 1404 3333 id
1424 3291 1519 3353 prae·

348 3377 441 3460 cipue
464 3375 568 3460 egisse
583 3375 758 3460 Didymum
778 3379 816 3439 ut
837 3376 876 3440 de
897 3375 1037 3441 lectione
1051 3375 1257 3440 Aristarchea
1277 3398 1374 3460 quam
1394 3377 1429 3439 in
1451 3376 1519 3441 edi·

348 3484 492 3549 tionibus
522 3482 690 3547 habuisset
714 3483 767 3549 vel
794 3483 890 3548 variis
923 3483 1122 3568 temporibus
1149 3482 1317 3567 probasset
1342 3488 1519 3562 constaret3

349 3595 446 3675 atque
460 3593 498 3654 ut
517 3589 580 3654 hoc
603 3591 784 3675 exquireret
806 3595 839 3656 et
860 3591 1018 3656 editiones
1040 3594 1073 3655 et
1094 3590 1341 3656 commentarios
1364 3595 1397 3656 et
1416 3591 1519 3658 libros

348 3703 418 3763 tum
432 3697 611 3762 Aristarchi
632 3700 702 3761 tum
717 3698 997 3764 Aristarcheorum
1019 3698 1213 3763 adhibuisse.
1250 3696 1314 3763 Sed
1334 3698 1367 3762 in
1391 3721 1430 3763 eo
1452 3722 1519 3764 non

349 3807 501 3873 substitit.
542 3804 657 3870 Voluit
678 3806 774 3871 etiam
796 3806 835 3871 de
856 3806 1001 3872 fontibus
1025 3806 1245 3871 Aristarcheae
1265 3805 1426 3885 lectionis,
1448 3809 1519 3870 tum

349 3918 507 3999 quatenus
540 3913 676 3979 aliorum
702 3936 896 3979 consensum
926 3913 1037 3979 tulerit
1065 3917 1219 3979 constare.
1264 3912 1369 3991 Quare
1397 3936 1520 3994 omnes,

349 4025 511 4105 quotquot
537 4020 762 4099 innotuerunt,
789 4021 947 4087 editiones
973 4026 1006 4087 et
1031 4021 1230 4107 antiquiores
1255 4020 1455 4100 AristarchO,
1483 4026 1521 4086 ut

416 4339 428 4378 ⁷
446 4335 619 4393 Antisthenis
635 4335 707 4393 liber
723 4336 792 4407 περὶ
809 4342 863 4392 τσῦ
879 4339 919 4408 μὴ
937 4329 1013 4392 εἶναι
1031 4326 1202 4407 ἀντιλέγειν.
1237 4335 1318 4406 Diog.
1336 4336 1383 4390 ha.
1401 4335 1444 4391 Ill
1464 4340 1505 4391 ³5.
