3425 4934
658 325 681 378 3.
706 319 852 391 ἐπίουρος.
1285 334 1342 395 109

173 484 266 570 λων),
278 482 488 570 μετάγγελος,
508 480 698 576 ὑφηνίοχος,
719 480 927 570 ὖποάμάςδί.
962 487 1087 566 Quibus
1107 491 1253 576 proxima
1267 496 1343 557 sunt

172 586 397 680 ἐπιμάρτυρος
422 596 475 675 (Η
491 601 541 663 78.
569 617 591 658 α
610 598 692 677 273).
733 596 780 662 (li
806 595 958 681 Apollon.
985 596 1046 665 Rh.
1072 595 1120 662 IV
1145 604 1205 667 229
1233 602 1343 665 κακῶν

172 696 401 787 ἐπιμάρτυρας
421 695 532 787 ἔργων.
567 701 677 770 Noun.
698 702 800 769 XLVI
820 710 862 771 29
883 701 940 769 καί
960 699 1110 788 κρυφίων
1131 700 1252 785 λεχίων
1272 701 1345 772 ἐπι-

171 801 337 895 μάρτυρές
362 802 429 875 οἶσι
460 806 622 895 κεραυνοί,
675 805 895 891 ἐπιποιμένες
924 811 984 879 Od.
1013 833 1039 892 μ
1068 816 1135 880 131.
1175 811 1269 890 Quod
1295 820 1344 881 est

173 940 187 982 ι
208 924 270 988 270
291 915 376 996 Ζεὺς
405 911 437 982 δ’
468 912 714 1003 ἐπιτιμήτωρ
739 912 878 983 ίκετάων
902 941 938 983 τε
964 913 1078 999 ξείνων
1101 942 1138 984 τε
1164 922 1344 1006 putaverim

173 1026 214 1092 ad
242 1026 328 1092 idem
351 1047 455 1114 genus
476 1026 681 1093 referendum
703 1049 786 1105 esse,
815 1049 889 1093 cum
918 1031 1004 1093 certe
1027 1028 1160 1093 verbum
1186 1024 1345 1110 ἐπιτιμᾶν

172 1134 317 1201 Homero
338 1133 489 1222 ignotum
507 1135 559 1216 sit,
578 1129 660 1220 τιμή
680 1156 755 1200 τετυ
777 1134 919 1201 vindicta
939 1134 1104 1203 familiare.
1139 1136 1288 1221 Denique
1309 1137 1344 1201 in

173 1264 306 1309 censum
326 1243 415 1308 venit
435 1237 611 1325 ἐπιΐστωρ,
641 1263 667 1329 φ
687 1247 728 1310 26
750 1233 842 1330 φῶθ’
867 1236 1058 1329 Ἡρακλῆα,
1079 1239 1232 1327 μεγάλων
1253 1238 1345 1308 ἐπιί-

173 1369 277 1434 οτορα
289 1343 402 1434 ἔργων.
422 1348 565 1436 Simplex
577 1342 679 1433 ἴστωρ
696 1353 755 1430 est,
776 1350 864 1435 quod
877 1373 927 1436 ap.
940 1350 1073 1419 Homer.
1099 1354 1129 1413 Σ
1140 1358 1211 1420 591.
1237 1353 1270 1414 Ψ
1282 1358 1344 1421 486

172 1460 291 1524 testem
316 1457 493 1542 significet,
524 1478 590 1522 non
617 1458 704 1542 quod
730 1456 861 1525 Passov.
888 1457 972 1536 uult,
1004 1459 1169 1524 arbitrum.
1210 1458 1344 1544 Proprie

172 1565 337 1652 significat
350 1586 496 1651 gnarum,
516 1568 554 1630 ut
566 1564 674 1650 hymn.
695 1565 730 1629 in
743 1564 867 1631 Lunam
879 1564 997 1631 XXXII
1014 1572 1034 1633 2
1055 1560 1212 1652 ἡδυεπεῖς
1226 1569 1345 1650 κοῦραι

173 1668 347 1755 Κρονίδεω
377 1667 477 1751 Διός,
510 1664 640 1757 ἴστορες
667 1663 766 1758 ‘ilio
817 1672 893 1740 Hes.
927 1672 985 1757 Op.
1013 1679 1074 1742 792
1104 1665 1215 1738 εἱκάάι
1245 1667 1279 1738 δ’
1311 1671 1347 1740 ἐν

172 1774 301 1869 μεγάλη
322 1775 417 1867 πλέῳ
436 1772 542 1866 ήματι
557 1773 674 1865 ἴστορα
696 1782 793 1868 φοίτα
814 1774 1009 1863 γείνασθαι·
1030 1774 1124 1863 μάλα
1139 1774 1201 1867 γάρ
1218 1803 1255 1847 τε
1268 1774 1346 1847 νόον

173 1882 431 1971 πεπυκασμένος
451 1883 547 1955 ἐστίν.
583 1888 683 1974 Soph.
708 1887 841 1957 111840
867 1879 960 1971 κάγὼ
985 1880 1078 1952 τοῦδ’
1105 1881 1220 1973 ἴστωρ,
1247 1882 1346 1973 άπερ-

175 1992 285 2080 ίοτωρ.
329 1995 414 2062 Illud
431 1990 586 2080 μεγάλων
605 1991 782 2081 ἐπιίστορα
802 1988 907 2080 ἔργων
926 2017 993 2061 non
1015 2017 1088 2062 cum
1109 1997 1270 2063 veteribus
1292 2020 1346 2061 ex-

174 2105 261 2192 plico
296 2125 491 2191 magnorum
519 2103 667 2170 laborum
691 2123 828 2190 gnarum
853 2106 893 2188 (v.
919 2104 1024 2171 Strab.
1050 2103 1066 2170 Ι
1093 2127 1123 2189 p.
1148 2106 1196 2187 9),
1229 2105 1286 2170 εει]
1311 2106 1346 2170 in

175 2213 309 2281 crimine
339 2216 396 2297 (so.
421 2211 586 2297 Autolyci,
618 2214 674 2297 qui
700 2234 799 2297 equas
825 2213 1038 2299 surripuerat,
1073 2213 1187 2277 deinde
1213 2211 1346 2277 Herculi

176 2321 375 2404 vendiderat)
401 2320 565 2387 conscium
573 2320 611 2383 ⁶⁸.
650 2320 722 2385 Hoc
744 2316 904 2404 ἐπιίστωρ
924 2343 983 2406 pro
1004 2320 1160 2406 „peritis‘
1180 2323 1346 2385 mutuatus

176 2436 226 2497 est
246 2428 400 2516 Apollon.
422 2426 538 2496 Π872
558 2425 606 2493 IV
630 2435 708 2496 1558
730 2430 837 2514 (νηῶν,
859 2420 997 2512 πόντου)
1018 2451 1078 2513 pro
1096 2428 1279 2507 „conscius“
1299 2426 1347 2493 IV

179 2546 229 2618 16,
259 2560 318 2624 pro
344 2536 470 2615 „testis“
496 2533 544 2600 IV
565 2541 614 2604 89.
642 2573 681 2583 -
709 2534 769 2614 Qu.
790 2536 855 2602 Suu
882 2539 914 2600 Γ
931 2541 992 2606 203
1020 2528 1116 2618 ἀνδρί
1141 2530 1346 2622 πολυκμήτου

173 2648 321 2732 μογερής
338 2640 507 2728 ἐπιίστορι
524 2637 642 2730 θήρης.
677 2642 749 2709 Ηοο
770 2666 837 2709 non
860 2643 1081 2724 dubitandum,
1103 2644 1182 2728 quin
1203 2638 1347 2725 ἐπαμύν-

174 2777 242 2838 τωρ
268 2776 297 2817 π
316 2757 377 2822 283
404 2756 438 2818 et
464 2773 503 2818 ex
528 2750 706 2818 Aristarchi
731 2751 871 2817 lectione
897 2755 932 2814 N
951 2757 1011 2820 384
1040 2742 1121 2838 ἦλθ’
1150 2744 1345 2834 ἐπαμύντωρ

173 2884 236 2950 pro
255 2852 364 2949 ήλθεν
385 2853 536 2942 άμάντωρ
559 2859 660 2943 (quod
680 2862 788 2924 tamen
810 2854 844 2927 Ε
856 2865 918 2926 449
938 2863 971 2925 et
996 2860 1103 2926 0540
1129 2857 1170 2923 ab
1192 2882 1230 2925 eo
1253 2858 1429 2941 aliter(117)

174 2971 333 3056 scriptum
354 2990 424 3035 esse
445 2990 512 3033 non
533 2967 699 3049 traditum)
722 2971 754 3032 et
776 2960 951 3051 ἐπαρωγός
972 2964 991 3027 λ
1013 2971 1075 3034 498
1096 2970 1182 3031 recte
1204 2966 1345 3031 diceren-

174 3084 243 3159 tur,
274 3075 399 3143 etiamsi
430 3075 481 3139 his
513 3075 610 3139 verba
637 3074 816 3159 composita
849 3069 1042 3156 tacuisses,
1077 3066 1258 3159 ἐπαρήγειν
1282 3094 1347 3137 non

174 3185 323 3254 subiecta
343 3186 459 3248 essent.
509 3180 557 3248 Of.
579 3184 610 3244 Δ
630 3186 691 3249 235
718 3174 756 3246 οὐ
782 3178 844 3266 γάρ
871 3175 928 3245 ἐπί
949 3174 1112 3267 ψεύδεσσι
1133 3176 1244 3266 πατήρ
1265 3176 1349 3256 Ζεὺς

173 3285 278 3359 ἔσσετ’
302 3282 476 3376 oportun.
496 3326 539 3337 -
557 3280 704 3374 Ὀπηάός
725 3292 774 3354 est
794 3288 904 3373 hymn.
925 3288 1022 3354 Mero.
1045 3296 1116 3358 450.
1150 3280 1346 3374 συνοπηάός,

174 3392 366 3475 συνοπαάός
387 3398 529 3482 antique.
565 3395 710 3462 Verbum
728 3394 926 3482 σονοπηάεῖν
946 3396 997 3462 vel
1017 3398 1126 3482 potius
1148 3394 1348 3462 συνοπαάεῖν

174 3534 217 3578 ex
237 3505 424 3596 Byzantinis
446 3504 584 3570 affertur.
620 3496 797 3567 συνοπάων
818 3503 918 3589 Orph.
938 3504 1048 3589 hymn.
1068 3504 1155 3570 XXX
1174 3512 1203 3572 5.

258 3613 365 3691 Nihil,
386 3616 424 3677 ut
447 3612 527 3678 hoec
554 3612 728 3697 stringam,
753 3613 839 3696 apud
865 3611 1043 3678 Homerum
1069 3610 1223 3678 incertius
1250 3626 1414 3696 quam110

175 3724 335 3797 eiusmodi
360 3720 562 3788 substantiva
585 3741 654 3785 rem
683 3719 866 3785 indicantia
907 3715 1116 3803 Ὓπόκυκλα,
1150 3723 1187 3784 ut
1218 3719 1347 3804 quidem

246 3962 271 4004 ⁶7
289 3958 419 4016 Imitatus
444 3961 487 4015 est
508 3958 600 4042 Metrp
622 3958 688 4013 Am.
711 3956 751 4013 IV
774 3959 839 4015 1354
864 3949 1036 4029 κυανόχρως
1057 3949 1086 4012 δ’
1108 3950 1195 4027 άμίας
1217 3954 1267 4015 ἐπὶ
1283 3964 1346 4023 τοῖς

174 4046 280 4119 μίγας,
298 4035 367 4101 ἐστε
383 4038 533 4114 θαλάσσης
549 4059 643 4113 πασης
659 4039 770 4114 βένθεα
787 4034 860 4107 οἶδε,
876 4031 1086 4108 Ποσειδάωνος
1101 4036 1250 4111 ὑποδμώς.

244 4133 271 4174 ⁵⁸
287 4128 363 4201 μίγα
385 4123 475 4201 ἔργον
495 4126 643 4183 scelestum
657 4127 771 4182 'facinus
788 4146 806 4196 γ
825 4130 883 4182 261.
901 4157 935 4168 -
950 4131 1052 4183 κακῶν
1067 4122 1237 4200 ἐπιίστορας
1254 4124 1350 4199 ἔργον

177 4214 245 4286 „qui
259 4214 313 4270 nui
329 4211 432 4270 conscii
449 4214 531 4266 sunu
549 4212 621 4268 dixit
638 4210 757 4278 Quintus
774 4211 839 4265 XIII
858 4215 914 4267 313.

244 4303 272 4344 5⁰
287 4292 464 4371 llucpuyoiv,
481 4296 557 4365 quod
571 4298 708 4353 Homerus
723 4314 780 4352 uon
797 4295 892 4364 habet,
910 4299 987 4367 apud
998 4296 1178 4369 Apollonium
1195 4296 1261 4351 estI
1274 4301 1347 4352 1039.
