3425 4934
626 311 649 363 1.
671 302 713 362 De
730 301 910 363 athetcsibus
1291 314 1352 379 329

181 472 270 564 ίίγιυν
286 514 323 525 -
339 496 437 560 supra
457 497 486 560 p.
502 479 588 555 221):
611 479 644 541 et
665 474 703 540 de
717 474 907 542 Pisistratea
928 497 1026 561 opera
1046 475 1155 561 potius
1177 498 1218 541 ne
1241 480 1351 544 notam

183 587 312 675 quidem
336 584 388 651 his
409 582 552 667 antiquis
573 585 606 648 et
626 580 813 649 dsistarchc
834 582 936 650 videri
956 583 1075 649 famam
1095 582 1194 650 fuisse
1218 584 1252 649 in
1272 584 1352 669 Epi·

183 694 295 763 metris
317 691 492 760 ostendam.
511 727 552 739 -
567 689 757 776 Quicunque
779 690 841 757 hoc
863 690 959 758 modo
981 691 1155 778 genuinam
1176 691 1352 759 carminum

183 801 429 872 Homericorum
457 798 594 864 formam
623 802 845 884 corruperant,
875 799 1025 866 dicebaut
1044 798 1251 867 Alexandrini
1277 797 1352 863 διο-

183 902 376 984 σκευαστοίς.
421 907 553 974 Etenim
585 906 672 992 quod
699 927 759 973 nos
785 907 925 973 solemus
952 906 1056 975 dicere
1085 907 1277 994 interpolare
1301 907 1353 973 vel

184 1038 378 1105 quocunque
408 1013 504 1081 modo
538 1014 716 1100 genuinum
745 1017 871 1080 textum
902 1015 1066 1100 scriptoris
1096 1019 1221 1083 mutare
1245 1016 1307 1082 hoc
1335 1040 1354 1081 ε

186 1125 314 1195 Graecis
330 1122 547 1210 grammaticis
561 1122 692 1207 proprio
710 1121 869 1189 vocabulo
885 1123 1001 1189 dicitur
1016 1114 1254 1202 διασκευάζειν.
1290 1123 1353 1191 Ga·

184 1233 248 1299 len.
269 1232 304 1296 in
324 1228 476 1316 Hippocr.
500 1229 539 1296 de
559 1233 624 1296 nst.
645 1228 732 1296 hom.
754 1230 852 1314 praef.
875 1253 906 1316 p.
930 1238 949 1300 9
972 1230 1081 1300 Kuhn.
1113 1230 1211 1311 Sunt,
1237 1231 1353 1316 inquit,

187 1341 244 1426 qui
264 1338 471 1425 Hippocratis
494 1337 614 1404 librum
639 1337 677 1404 de
699 1340 813 1404 natura
834 1338 973 1407 hominis
994 1362 1054 1425 pro
1076 1340 1185 1426 spurio
1206 1339 1355 1421 habeant

185 1440 437 1534 ,,οἰπατηθέντες
456 1442 492 1511 έκ
506 1447 572 1511 τῶν
587 1439 622 1510 έν
636 1435 725 1530 αδτρί
740 1442 1022 1528 διεσκευασμένον
1035 1444 1092 1513 καί
1105 1468 1354 1532 παρεγγεγραμ-

185 1551 329 1637 μένωνίῑ.
351 1553 441 1620 Idem
454 1554 598 1639 loquitur
613 1553 652 1620 de
666 1553 904 1620 characteribus
912 1554 1119 1640 Hippocratis
1137 1555 1228 1621 libris
1242 1558 1362 1643 posteav

186 1663 345 1749 coemptis,
371 1663 437 1729 sive
459 1662 534 1730 dolo
553 1660 640 1728 malo
662 1662 729 1728 sive
750 1684 818 1727 non
838 1661 925 1729 melo
947 1664 1088 1732 consilio.
1133 1661 1244 1730 Utitur
1264 1682 1355 1729 voce:

188 1766 221 1838 oi
250 1772 453 1856 χαρακτῆρες
488 1762 773 1855 διεσκευάσθησαυ
802 1791 917 1837 comm.
949 1770 991 1836 ad
1017 1771 1115 1857 Hipp.
1148 1769 1231 1857 epid.
1261 1768 1354 1836 1112

186 1904 217 1967 p.
233 1887 303 1959 411,
323 1885 363 1947 24
382 1879 431 1944 ed.
448 1878 523 1945 Bas.
561 1878 607 1943 Et
627 1877 789 1963 exemplar
809 1877 861 1943 his
882 1878 970 1946 notin
990 1879 1184 1947 instructum
1207 1877 1354 1945 διεσκευ·

186 1982 330 2071 ασμένον
349 1986 393 2053 ib.
415 1992 485 2065 412,
507 1992 536 2054 9.

267 2095 421 2163 Redimus
443 2094 484 2160 ad
505 2092 628 2160 scholia
649 2093 783 2162 Veneta.
827 2095 1032 2163 Aristonicus
1052 2099 1091 2161 Π
1109 2102 1170 2167 666
1190 2092 1223 2185 (ἡ
1250 2097 1356 2187 διπλῆ

185 2197 448 2290 περιεστιγμένη)
475 2195 528 2267 ὅτι
554 2195 781 2288 Ζηνόδοτος
813 2200 882 2268 καί
917 2199 1094 2269 ἐνταῦθα
1128 2198 1355 2271 διεσκεόακε

186 2304 323 2400 γρόφοιν
350 2305 433 2388 ,καί
456 2300 523 2375 τότ)
551 2301 602 2393 ίίρ’
621 2302 761 2398 έξ”[δης
785 2307 939 2400 προσέφη
960 2308 1044 2390 Ζεὺς
1068 2301 1106 2378 δν
1133 2308 1235 2402 φίλον
1255 2306 1354 2380 υίόν“

187 2424 258 2506 (pro
287 2400 343 2483 καί
366 2408 433 2482 τότ’
453 2407 652 2481 Ἀπόλλωνα
679 2415 833 2509 προσέφη
854 2415 1092 2509 νεφεληγερέτα
1114 2412 1224 2506 Zeto),
1254 2416 1294 2486 ἵν’
1318 2419 1356 2488 ἐκ

186 2520 349 2613 τῆςἼδης
369 2525 552 2613 προσφωνῇ
572 2521 630 2590 τὸν
651 2520 686 2591 έν
710 2529 758 2612 νηί
778 2522 886 2614 πεδίῳ
906 2521 1115 2596 Ἀπόλλωνα.
1154 2529 1294 2598 Maxime
1316 2532 1355 2598 de

186 2633 386 2720 interpositis
408 2632 559 2701 versibus.
598 2635 627 2695 Σ
640 2640 701 2703 366
722 2635 918 2722 (Porphyrii)
940 2630 1126 2724 Ζηνοδώρῳ
1145 2640 1193 2724 τηί
1213 2633 1355 2723 συγγρά-

187 2752 292 2830 ψαντι
306 2737 383 2825 περί
395 2742 455 2829 τῆς
465 2734 620 2829 Ὅμηρον
635 2737 815 2829 συνηθείας
826 2741 869 2809 τὰ
885 2741 967 2811 δέκα
980 2739 1098 2829 βιβλία
1111 2741 1355 2830 συγγέγραπται

186 2848 244 2916 καί
264 2846 342 2934 περί
360 2842 478 2916 τούτου
498 2850 559 2914 τοῦ
580 2843 700 2916 τόπου·
727 2845 763 2915 έν
784 2836 812 2938 ᾦ
837 2846 1068 2937 συγγράμματι
1088 2856 1245 2938 πειρᾶται
1266 2846 1355 2920 όπο-

187 2952 354 3026 δεικνόναι
375 2952 651 3039 διεσκευασμένον
674 2960 792 3040 τοῦτογ
811 2956 870 3025 τὸν
890 2952 996 3029 τόπον
1021 2957 1113 3026 έπιῦν
1135 2959 1175 3046 ιγ’
1197 2963 1271 3047 (hos
1289 2967 1355 3030 tre·

187 3067 289 3134 decim
315 3088 426 3133 versus
451 3066 492 3132 ab
524 3065 628 3133 aliena
654 3089 752 3134 manu
781 3068 992 3156 interpositos
1017 3070 1068 3137 vel
1094 3071 1236 3138 adiectos
1262 3074 1354 3155 esse).

187 3177 219 3239 Ω
240 3179 296 3243 130
318 3165 521 3239 ἀθετοῦνται
540 3167 647 3254 στίχοι
668 3167 696 3258 γ’
718 3214 767 3243 -.
802 3169 994 3242 διεσκεόακε
1016 3174 1053 3243 δέ
1072 3201 1124 3255 τις
1143 3171 1263 3256 αὐτοὺς
1283 3173 1354 3266 οίη-

188 3279 263 3359 θείς
288 3274 551 3365 ἀποκρέμασθαι
578 3274 684 3359 ,,οδδέ
707 3305 741 3347 τι
768 3276 898 3350 σίτουέ(
940 3285 1030 3353 Idem
1054 3286 1152 3373 paulo
1178 3287 1271 3355 aliter
1297 3311 1355 3374 per

188 3389 423 3457 substantivum
452 3390 569 3456 dicitur
590 3394 624 3454 Π
643 3397 683 3461 67
709 3382 911 3458 duacenae
938 3386 1044 3474 στίχοι
1069 3388 1237 3479 τέσσαρες,
1266 3389 1354 3460 διότι

187 3494 272 3561 κατὰ
287 3494 465 3585 διασκευὴν
486 3492 688 3585 ἐμφαίνουσι
702 3494 896 3590 γεγράφθαι
917 3495 985 3565 ὑπό
1005 3524 1096 3580 τινος
1116 3504 1181 3568 τῶν
1202 3493 1437 3585 sopater-(³³⁰)

186 3627 253 3669 τιον
277 3600 356 3689 έρᾶυ
379 3601 438 3671 τὸν
458 3597 616 3685 Ἀχιλλέα
637 3609 697 3674 τοῦ
725 3600 939 3691 Πατρόκλου,
973 3633 1047 3696 „per
1072 3611 1354 3699 interpolationem

187 3712 289 3780 facti‘.
325 3711 420 3791 Quod
441 3713 630 3799 simpliciter
648 3718 747 3785 1416
766 3717 825 3783 sio:
859 3709 1033 3783 δθετείται
1062 3713 1116 3785 ότι
1141 3713 1281 3802 νομίσας
1303 3742 1355 3797 τις

187 3815 381 3901 κρέμασθαι
393 3816 452 3885 τόν
467 3815 567 3904 λόγον
580 3819 792 3908 προσέθηκεν
806 3816 916 3890 αὐτόν.
936 3824 1018 3891 Item
1032 3823 1226 3914 προσέθηκε
1242 3831 1269 3892 Β
1284 3833 1354 3897 668.

187 3927 232 3993 Et
253 3926 428 4012 simplicius
449 3928 559 3994 etiam:
585 3933 621 3992 N
639 3936 699 3999 658
722 3922 925 3999 duacenae
946 3926 1134 4023 ἀμφότεροι
1152 3930 1206 4002 ὅτι
1227 3933 1354 4021 πλανη-

187 4027 265 4112 θείς
287 4056 339 4111 τις
363 4029 400 4099 ἐκ
426 4038 485 4101 τοῦ
511 4031 576 4115 ,,ός
599 4040 642 4123 ῥα
667 4036 769 4123 πατρί
792 4033 884 4126 φίλη)
906 4035 1031 4109 έπετοίι
1053 4044 1139 4126 (644)
1161 4036 1272 4123 ἔταξεν
1293 4036 1354 4107 αδ-

186 4137 278 4221 ιοός,
309 4140 364 4206 ίνα
387 4140 445 4208 καί
470 4139 489 4210 ό
514 4141 625 4234 πατὴρ
649 4142 707 4213 τὸν
732 4140 804 4212 οίδν
829 4139 1050 4235 δδόρηταιίθθ.
1094 4150 1143 4216 Et
1165 4149 1229 4217 elio
1254 4151 1350 4217 modo
1368 4164 1418 4217 eet

252 4380 291 4423 2⁸⁶
308 4375 412 4435 Mirum
429 4376 494 4439 hcc:
515 4381 545 4435 Ψ
561 4384 609 4437 164
626 4376 808 4438 ἐκσέσεισται
825 4378 928 4454 διττῆς
945 4374 1112 4449 Ὀδυσσείας
1128 4381 1145 4440 ό
1164 4385 1270 4457 στίχος.
