<?xml version="1.0" encoding="UTF-8"?>
<!DOCTYPE html PUBLIC "-//W3C//DTD XHTML 1.0 Transitional//EN"
    "http://www.w3.org/TR/xhtml1/DTD/xhtml1-transitional.dtd">
<html xmlns="http://www.w3.org/1999/xhtml" xml:lang="en" lang="en">
 <head>
  <title>
</title>
<meta http-equiv="Content-Type" content="text/html;charset=utf-8" />
  <meta name='ocr-system' content='tesseract 3.04.00' />
  <meta name='ocr-capabilities' content='ocr_page ocr_carea ocr_par ocr_line ocrx_word'/>
</head>
<body>
  <div class='ocr_page' id='page_1' title='image "./dearistarchistu00ludwgoog/dearistarchistu00ludwgoog_0332.png"; bbox 0 0 3425 4934; ppageno 0'>
   <div class='ocr_carea' id='block_1_1' title="bbox 353 280 1071 353">
    <p class='ocr_par' dir='ltr' id='par_1_1' title="bbox 353 280 1071 353">
     <span class='ocr_line' id='line_1_1' title="bbox 353 280 1071 353; baseline 0.003 -17"><span class='ocrx_word' id='word_1_1' title='bbox 353 283 414 349; x_wconf 82' lang='lat'>310</span> <span class='ocrx_word' id='word_1_2' title='bbox 806 282 852 339; x_wconf 85' lang='lat' dir='ltr'>lv.</span> <span class='ocrx_word' id='word_1_3' title='bbox 876 280 918 337; x_wconf 86' lang='lat' dir='ltr'>De</span> <span class='ocrx_word' id='word_1_4' title='bbox 935 282 1071 353; x_wconf 75' lang='lat' dir='ltr'>prosodia</span> 
     </span>
    </p>
   </div>
   <div class='ocr_carea' id='block_1_2' title="bbox 271 440 1526 1507">
    <p class='ocr_par' dir='ltr' id='par_1_2' title="bbox 351 440 1524 1070">
     <span class='ocr_line' id='line_1_2' title="bbox 434 440 1523 538; baseline 0.001 -26"><span class='ocrx_word' id='word_1_5' title='bbox 434 440 467 512; x_wconf 84' lang='grc' dir='ltr'><em>Ξ</em></span> <span class='ocrx_word' id='word_1_6' title='bbox 491 450 551 515; x_wconf 73' lang='lat'>340</span> <span class='ocrx_word' id='word_1_7' title='bbox 575 442 615 513; x_wconf 86' lang='grc' dir='ltr'><strong><em>τὺ</em></strong></span> <span class='ocrx_word' id='word_1_8' title='bbox 639 441 784 515; x_wconf 79' lang='grc' dir='ltr'><strong><em>είίαδεν</em></strong></span> <span class='ocrx_word' id='word_1_9' title='bbox 810 444 829 515; x_wconf 85' lang='grc' dir='ltr'>ὁ</span> <span class='ocrx_word' id='word_1_10' title='bbox 851 442 1095 536; x_wconf 76' lang='grc' dir='ltr'><strong><em>Ἀσκαλωνίτης</em></strong></span> <span class='ocrx_word' id='word_1_11' title='bbox 1120 446 1235 538; x_wconf 81' lang='grc' dir='ltr'>ψιλοί,</span> <span class='ocrx_word' id='word_1_12' title='bbox 1269 442 1373 533; x_wconf 84' lang='grc' dir='ltr'>λέγων</span> <span class='ocrx_word' id='word_1_13' title='bbox 1399 442 1445 526; x_wconf 81' lang='grc' dir='ltr'>ὡς</span> <span class='ocrx_word' id='word_1_14' title='bbox 1471 444 1523 515; x_wconf 84' lang='grc' dir='ltr'><strong><em>ὅτι</em></strong></span> 
     </span>
     <span class='ocr_line' id='line_1_3' title="bbox 351 546 1523 645; baseline 0.006 -28"><span class='ocrx_word' id='word_1_15' title='bbox 351 550 392 617; x_wconf 88' lang='grc' dir='ltr'><strong><em>τὰ</em></strong></span> <span class='ocrx_word' id='word_1_16' title='bbox 408 548 613 637; x_wconf 82' lang='grc' dir='ltr'>δασυνόμενα</span> <span class='ocrx_word' id='word_1_17' title='bbox 628 552 663 621; x_wconf 83' lang='grc' dir='ltr'>έν</span> <span class='ocrx_word' id='word_1_18' title='bbox 683 559 724 645; x_wconf 79' lang='grc' dir='ltr'><strong><em>τῇ</em></strong></span> <span class='ocrx_word' id='word_1_19' title='bbox 745 553 923 623; x_wconf 80' lang='grc' dir='ltr'>ἐντευθέσει</span> <span class='ocrx_word' id='word_1_20' title='bbox 942 560 1003 623; x_wconf 83' lang='grc' dir='ltr'><strong><em>τοῦ</em></strong></span> <span class='ocrx_word' id='word_1_21' title='bbox 1023 582 1042 622; x_wconf 90' lang='grc' dir='ltr'>υ</span> <span class='ocrx_word' id='word_1_22' title='bbox 1064 556 1228 644; x_wconf 78' lang='grc' dir='ltr'>φιλοῦσαι</span> <span class='ocrx_word' id='word_1_23' title='bbox 1249 548 1296 635; x_wconf 81' lang='grc' dir='ltr'>ὡς</span> <span class='ocrx_word' id='word_1_24' title='bbox 1316 552 1395 634; x_wconf 85' lang='grc' dir='ltr'>ὅλος</span> <span class='ocrx_word' id='word_1_25' title='bbox 1416 546 1523 634; x_wconf 78' lang='grc' dir='ltr'><strong><em>οὖλος.</em></strong></span> 
     </span>
     <span class='ocr_line' id='line_1_4' title="bbox 354 653 1524 753; baseline 0.003 -27"><span class='ocrx_word' id='word_1_26' title='bbox 354 658 458 740; x_wconf 77' lang='grc' dir='ltr'><strong><em>οὕτως</em></strong></span> <span class='ocrx_word' id='word_1_27' title='bbox 484 653 626 729; x_wconf 80' lang='grc' dir='ltr'><strong><em>οὖνκαὶ</em></strong></span> <span class='ocrx_word' id='word_1_28' title='bbox 652 663 690 730; x_wconf 87' lang='grc' dir='ltr'><strong><em>τὸ</em></strong></span> <span class='ocrx_word' id='word_1_29' title='bbox 719 662 817 731; x_wconf 75' lang='grc' dir='ltr'>ἕαδεν</span> <span class='ocrx_word' id='word_1_30' title='bbox 840 657 958 731; x_wconf 67' lang='lat' dir='ltr'>sinder</span> <span class='ocrx_word' id='word_1_31' title='bbox 983 660 1112 750; x_wconf 89' lang='grc' dir='ltr'>γένοιτο</span> <span class='ocrx_word' id='word_1_32' title='bbox 1137 658 1354 753; x_wconf 73' lang='grc' dir='ltr'>φιλούμενον.</span> <span class='ocrx_word' id='word_1_33' title='bbox 1395 660 1459 749; x_wconf 75' lang='grc' dir='ltr'>ἐγὼ</span> <span class='ocrx_word' id='word_1_34' title='bbox 1487 660 1524 729; x_wconf 79' lang='grc' dir='ltr'>δὲ</span> 
     </span>
     <span class='ocr_line' id='line_1_5' title="bbox 353 764 1524 860; baseline 0.003 -27"><span class='ocrx_word' id='word_1_35' title='bbox 353 767 438 853; x_wconf 80' lang='grc' dir='ltr'><strong><em>πρὸς</em></strong></span> <span class='ocrx_word' id='word_1_36' title='bbox 457 768 518 856; x_wconf 85' lang='grc' dir='ltr'>τὴν</span> <span class='ocrx_word' id='word_1_37' title='bbox 539 767 669 859; x_wconf 85' lang='grc' dir='ltr'>συνήθη</span> <span class='ocrx_word' id='word_1_38' title='bbox 691 765 878 856; x_wconf 74' lang='grc' dir='ltr'>ἀνάγνωσιν</span> <span class='ocrx_word' id='word_1_39' title='bbox 906 774 938 857; x_wconf 84' lang='lat' dir='ltr'>(l</span> <span class='ocrx_word' id='word_1_40' title='bbox 960 768 1024 856; x_wconf 72' lang='grc' dir='ltr'>ἐγώ</span> <span class='ocrx_word' id='word_1_41' title='bbox 1051 769 1088 838; x_wconf 84' lang='grc' dir='ltr'>δὲ</span> <span class='ocrx_word' id='word_1_42' title='bbox 1109 766 1338 856; x_wconf 68' lang='grc' dir='ltr'><strong><em>προστίθεμαι</em></strong></span> <span class='ocrx_word' id='word_1_43' title='bbox 1360 774 1400 860; x_wconf 75' lang='grc' dir='ltr'><strong><em>τῇ</em></strong></span> <span class='ocrx_word' id='word_1_44' title='bbox 1426 791 1455 838; x_wconf 93' lang='grc' dir='ltr'>ο.</span> <span class='ocrx_word' id='word_1_45' title='bbox 1477 764 1524 854; x_wconf 76' lang='grc' dir='ltr'>ά.)</span> 
     </span>
     <span class='ocr_line' id='line_1_6' title="bbox 354 872 1524 969; baseline 0.002 -27"><span class='ocrx_word' id='word_1_46' title='bbox 354 872 560 945; x_wconf 87' lang='grc' dir='ltr'>δασάνοισαν</span> <span class='ocrx_word' id='word_1_47' title='bbox 581 880 614 963; x_wconf 79' lang='lat' dir='ltr'>(l.</span> <span class='ocrx_word' id='word_1_48' title='bbox 635 886 704 968; x_wconf 71' lang='grc' dir='ltr'>σῃ)</span> <span class='ocrx_word' id='word_1_49' title='bbox 724 879 763 947; x_wconf 86' lang='grc' dir='ltr'><strong><em>τὸ</em></strong></span> <span class='ocrx_word' id='word_1_50' title='bbox 785 904 818 959; x_wconf 92' lang='grc' dir='ltr'>α,</span> <span class='ocrx_word' id='word_1_51' title='bbox 840 879 1010 969; x_wconf 78' lang='grc' dir='ltr'>ψιλοῦσαν</span> <span class='ocrx_word' id='word_1_52' title='bbox 1031 875 1069 945; x_wconf 77' lang='grc' dir='ltr'>δέ</span> <span class='ocrx_word' id='word_1_53' title='bbox 1089 877 1149 967; x_wconf 87' lang='grc' dir='ltr'>τήν</span> <span class='ocrx_word' id='word_1_54' title='bbox 1170 903 1205 946; x_wconf 87' lang='grc' dir='ltr'>ευ</span> <span class='ocrx_word' id='word_1_55' title='bbox 1228 873 1428 968; x_wconf 77' lang='grc' dir='ltr'>δίφθογγον.</span> <span class='ocrx_word' id='word_1_56' title='bbox 1467 877 1524 944; x_wconf 85' lang='grc' dir='ltr'>καί</span> 
     </span>
     <span class='ocr_line' id='line_1_7' title="bbox 354 979 1524 1070; baseline -0.001 -18"><span class='ocrx_word' id='word_1_57' title='bbox 354 979 469 1070; x_wconf 70' lang='grc' dir='ltr'>ἔχομεν</span> <span class='ocrx_word' id='word_1_58' title='bbox 490 982 596 1055; x_wconf 80' lang='grc' dir='ltr'>έκεῖνο</span> <span class='ocrx_word' id='word_1_59' title='bbox 618 982 734 1067; x_wconf 73' lang='grc' dir='ltr'>εἰπεῖν,</span> <span class='ocrx_word' id='word_1_60' title='bbox 758 983 803 1067; x_wconf 80' lang='grc' dir='ltr'>ὡς</span> <span class='ocrx_word' id='word_1_61' title='bbox 824 982 855 1054; x_wconf 83' lang='grc' dir='ltr'>ελ</span> <span class='ocrx_word' id='word_1_62' title='bbox 876 983 967 1055; x_wconf 81' lang='grc' dir='ltr'>ἴδιον</span> <span class='ocrx_word' id='word_1_63' title='bbox 987 985 1156 1055; x_wconf 77' lang='grc' dir='ltr'>συνθέτων</span> <span class='ocrx_word' id='word_1_64' title='bbox 1170 984 1290 1067; x_wconf 81' lang='grc' dir='ltr'>λέξεων</span> <span class='ocrx_word' id='word_1_65' title='bbox 1308 983 1346 1053; x_wconf 89' lang='grc' dir='ltr'><strong><em>τὸ</em></strong></span> <span class='ocrx_word' id='word_1_66' title='bbox 1362 983 1419 1052; x_wconf 82' lang='grc' dir='ltr'><strong><em>καὶ</em></strong></span> <span class='ocrx_word' id='word_1_67' title='bbox 1439 984 1524 1052; x_wconf 80' lang='grc' dir='ltr'><strong><em>κατὰ</em></strong></span> 
     </span>
    </p>

    <p class='ocr_par' dir='ltr' id='par_1_3' title="bbox 271 1088 1526 1507">
     <span class='ocr_line' id='line_1_8' title="bbox 271 1088 1524 1183; baseline -0.002 -21"><span class='ocrx_word' id='word_1_68' title='bbox 271 1105 344 1177; x_wconf 75' lang='grc'><strong>(327)</strong></span> <span class='ocrx_word' id='word_1_69' title='bbox 356 1090 459 1178; x_wconf 87' lang='grc' dir='ltr'>μέσον</span> <span class='ocrx_word' id='word_1_70' title='bbox 479 1088 695 1176; x_wconf 81' lang='grc' dir='ltr'>δασύνεσθαι,</span> <span class='ocrx_word' id='word_1_71' title='bbox 719 1090 859 1181; x_wconf 73' lang='grc' dir='ltr'>οἴδαμεν</span> <span class='ocrx_word' id='word_1_72' title='bbox 879 1093 917 1162; x_wconf 76' lang='grc' dir='ltr'>δέ</span> <span class='ocrx_word' id='word_1_73' title='bbox 937 1094 993 1162; x_wconf 84' lang='grc' dir='ltr'>καί</span> <span class='ocrx_word' id='word_1_74' title='bbox 1014 1094 1052 1162; x_wconf 90' lang='grc' dir='ltr'><strong><em>τὸ</em></strong></span> <span class='ocrx_word' id='word_1_75' title='bbox 1077 1092 1139 1162; x_wconf 87' lang='grc' dir='ltr'>άδε</span> <span class='ocrx_word' id='word_1_76' title='bbox 1159 1099 1250 1183; x_wconf 77' lang='grc' dir='ltr'><strong><em>ῥῆμα</em></strong></span> <span class='ocrx_word' id='word_1_77' title='bbox 1271 1097 1410 1175; x_wconf 83' lang='grc' dir='ltr'>συνεχῶς</span> <span class='ocrx_word' id='word_1_78' title='bbox 1431 1091 1524 1178; x_wconf 83' lang='grc' dir='ltr'><strong><em>παρὰ</em></strong></span> 
     </span>
     <span class='ocr_line' id='line_1_9' title="bbox 352 1192 1524 1293; baseline 0.001 -26"><span class='ocrx_word' id='word_1_79' title='bbox 352 1204 400 1287; x_wconf 73' lang='grc' dir='ltr'>τήν</span> <span class='ocrx_word' id='word_1_80' title='bbox 420 1205 545 1293; x_wconf 81' lang='grc' dir='ltr'><strong><em>ττοιητῇ</em></strong></span> <span class='ocrx_word' id='word_1_81' title='bbox 566 1205 649 1289; x_wconf 90' lang='lat' dir='ltr'>(add.</span> <span class='ocrx_word' id='word_1_82' title='bbox 672 1199 924 1288; x_wconf 81' lang='grc' dir='ltr'>δασυνόμενον),</span> <span class='ocrx_word' id='word_1_83' title='bbox 947 1198 1083 1282; x_wconf 77' lang='grc' dir='ltr'>εἰκότως</span> <span class='ocrx_word' id='word_1_84' title='bbox 1104 1197 1146 1269; x_wconf 75' lang='lat' dir='ltr'>dv</span> <span class='ocrx_word' id='word_1_85' title='bbox 1166 1196 1335 1293; x_wconf 77' lang='grc' dir='ltr'>φήσαιμεν</span> <span class='ocrx_word' id='word_1_86' title='bbox 1354 1198 1408 1270; x_wconf 80' lang='grc' dir='ltr'><strong><em>ὅτι</em></strong></span> <span class='ocrx_word' id='word_1_87' title='bbox 1426 1192 1524 1291; x_wconf 23' lang='lat' dir='ltr'>cdxcvi</span> 
     </span>
     <span class='ocr_line' id='line_1_10' title="bbox 354 1304 1526 1401; baseline 0.001 -27"><span class='ocrx_word' id='word_1_88' title='bbox 354 1305 521 1396; x_wconf 78' lang='grc' dir='ltr'><strong><em>ἐπίρρημα</em></strong></span> <span class='ocrx_word' id='word_1_89' title='bbox 548 1313 726 1399; x_wconf 73' lang='grc' dir='ltr'>προσῆλθε</span> <span class='ocrx_word' id='word_1_90' title='bbox 747 1310 804 1380; x_wconf 85' lang='grc' dir='ltr'><strong><em>καὶ</em></strong></span> <span class='ocrx_word' id='word_1_91' title='bbox 830 1309 935 1390; x_wconf 66' lang='grc' dir='ltr'><strong><em>οὕτως</em></strong></span> <span class='ocrx_word' id='word_1_92' title='bbox 959 1307 1135 1401; x_wconf 75' lang='grc' dir='ltr'>ἐφυλάχθη</span> <span class='ocrx_word' id='word_1_93' title='bbox 1160 1315 1220 1378; x_wconf 82' lang='grc' dir='ltr'><strong><em>τοῦ</em></strong></span> <span class='ocrx_word' id='word_1_94' title='bbox 1245 1304 1393 1398; x_wconf 84' lang='grc' dir='ltr'><strong><em>ῥήματος</em></strong></span> <span class='ocrx_word' id='word_1_95' title='bbox 1417 1304 1438 1398; x_wconf 80' lang='grc' dir='ltr'>ἡ</span> <span class='ocrx_word' id='word_1_96' title='bbox 1464 1310 1526 1375; x_wconf 88' lang='grc' dir='ltr'>δα-</span> 
     </span>
     <span class='ocr_line' id='line_1_11' title="bbox 355 1410 1525 1507; baseline 0.001 -26"><span class='ocrx_word' id='word_1_97' title='bbox 355 1419 429 1481; x_wconf 83' lang='grc' dir='ltr'><strong><em>σεῖα</em></strong></span> <span class='ocrx_word' id='word_1_98' title='bbox 455 1410 501 1495; x_wconf 78' lang='grc' dir='ltr'>ὡς</span> <span class='ocrx_word' id='word_1_99' title='bbox 526 1413 561 1482; x_wconf 80' lang='grc' dir='ltr'>ἒν</span> <span class='ocrx_word' id='word_1_100' title='bbox 586 1415 674 1500; x_wconf 84' lang='grc' dir='ltr'>λέξει</span> <span class='ocrx_word' id='word_1_101' title='bbox 700 1415 865 1507; x_wconf 83' lang='grc' dir='ltr'>συνθέτην·</span> <span class='ocrx_word' id='word_1_102' title='bbox 895 1418 934 1485; x_wconf 86' lang='grc' dir='ltr'><strong><em>τὸ</em></strong></span> <span class='ocrx_word' id='word_1_103' title='bbox 955 1415 1071 1502; x_wconf 87' lang='grc' dir='ltr'>μέντοι</span> <span class='ocrx_word' id='word_1_104' title='bbox 1092 1415 1172 1485; x_wconf 76' lang='grc' dir='ltr'><strong><em>ἕαδε</em></strong></span> <span class='ocrx_word' id='word_1_105' title='bbox 1193 1413 1356 1502; x_wconf 87' lang='grc' dir='ltr'><strong><em>διαίρεσίς</em></strong></span> <span class='ocrx_word' id='word_1_106' title='bbox 1377 1414 1446 1484; x_wconf 76' lang='grc' dir='ltr'><strong><em>ἐστι</em></strong></span> <span class='ocrx_word' id='word_1_107' title='bbox 1466 1419 1525 1483; x_wconf 83' lang='grc' dir='ltr'><strong><em>τοῦ</em></strong></span> 
     </span>
    </p>
   </div>
   <div class='ocr_carea' id='block_1_3' title="bbox 358 1512 1096 1614">
    <p class='ocr_par' dir='ltr' id='par_1_4' title="bbox 358 1512 1096 1614">
     <span class='ocr_line' id='line_1_12' title="bbox 358 1512 1096 1614; baseline 0.008 -24"><span class='ocrx_word' id='word_1_108' title='bbox 358 1512 427 1612; x_wconf 85' lang='grc' dir='ltr'>ήδε.</span> <span class='ocrx_word' id='word_1_109' title='bbox 461 1526 639 1593; x_wconf 89' lang='lat' dir='ltr'>Herodiani</span> <span class='ocrx_word' id='word_1_110' title='bbox 660 1528 705 1614; x_wconf 78' lang='lat' dir='ltr'>(v.</span> <span class='ocrx_word' id='word_1_111' title='bbox 725 1528 834 1595; x_wconf 85' lang='lat' dir='ltr'>Lehrs.</span> <span class='ocrx_word' id='word_1_112' title='bbox 856 1528 933 1595; x_wconf 88' lang='lat' dir='ltr'>Her.</span> <span class='ocrx_word' id='word_1_113' title='bbox 956 1552 988 1614; x_wconf 89' lang='lat' dir='ltr'>p.</span> <span class='ocrx_word' id='word_1_114' title='bbox 1009 1528 1096 1614; x_wconf 75' lang='lat'><strong>285).</strong></span> 
     </span>
    </p>
   </div>
   <div class='ocr_carea' id='block_1_4' title="bbox 293 1676 1531 3923">
    <p class='ocr_par' dir='ltr' id='par_1_5' title="bbox 293 1676 1531 3923">
     <span class='ocr_line' id='line_1_13' title="bbox 439 1676 1453 1773; baseline -0.001 -26"><span class='ocrx_word' id='word_1_115' title='bbox 439 1687 478 1747; x_wconf 83' lang='lat' dir='ltr'><em>A</em></span> <span class='ocrx_word' id='word_1_116' title='bbox 499 1690 560 1753; x_wconf 82' lang='lat'>358</span> <span class='ocrx_word' id='word_1_117' title='bbox 581 1676 672 1772; x_wconf 77' lang='grc' dir='ltr'>δ’φρα</span> <span class='ocrx_word' id='word_1_118' title='bbox 694 1680 732 1749; x_wconf 77' lang='grc' dir='ltr'>δέ</span> <span class='ocrx_word' id='word_1_119' title='bbox 755 1679 918 1773; x_wconf 85' lang='grc' dir='ltr'>Τυδείδης</span> <span class='ocrx_word' id='word_1_120' title='bbox 935 1683 1020 1769; x_wconf 84' lang='grc' dir='ltr'><strong><em>μετὰ</em></strong></span> <span class='ocrx_word' id='word_1_121' title='bbox 1043 1677 1205 1769; x_wconf 77' lang='grc' dir='ltr'>δούρατος</span> <span class='ocrx_word' id='word_1_122' title='bbox 1226 1676 1315 1771; x_wconf 69' lang='grc' dir='ltr'>ᾤχετ’</span> <span class='ocrx_word' id='word_1_123' title='bbox 1339 1679 1453 1770; x_wconf 74' lang='grc' dir='ltr'>ἐρωήν,</span> 
     </span>
     <span class='ocr_line' id='line_1_14' title="bbox 499 1785 1359 1879; baseline 0 -24"><span class='ocrx_word' id='word_1_124' title='bbox 499 1789 580 1877; x_wconf 84' lang='grc' dir='ltr'>τήλε</span> <span class='ocrx_word' id='word_1_125' title='bbox 602 1788 660 1856; x_wconf 86' lang='grc' dir='ltr'>διὰ</span> <span class='ocrx_word' id='word_1_126' title='bbox 680 1786 871 1877; x_wconf 82' lang='grc' dir='ltr'>προμάχων,</span> <span class='ocrx_word' id='word_1_127' title='bbox 895 1789 959 1859; x_wconf 80' lang='grc' dir='ltr'>ὅθι</span> <span class='ocrx_word' id='word_1_128' title='bbox 981 1788 1013 1859; x_wconf 78' lang='lat' dir='ltr'>oi</span> <span class='ocrx_word' id='word_1_129' title='bbox 1034 1785 1233 1859; x_wconf 81' lang='grc' dir='ltr'><strong><em>καταείσατο</em></strong></span> <span class='ocrx_word' id='word_1_130' title='bbox 1255 1785 1359 1879; x_wconf 83' lang='grc' dir='ltr'><strong><em>γαίης,</em></strong></span> 
     </span>
     <span class='ocr_line' id='line_1_15' title="bbox 501 1922 672 1986; baseline 0.018 -23"><span class='ocrx_word' id='word_1_131' title='bbox 501 1922 587 1986; x_wconf 90' lang='grc' dir='ltr'><strong><em>τοφρ</em></strong></span> <span class='ocrx_word' id='word_1_132' title='bbox 622 1938 672 1966; x_wconf 94' lang='grc'>-.</span> 
     </span>
     <span class='ocr_line' id='line_1_16' title="bbox 357 1999 1526 2094; baseline -0.002 -19"><span class='ocrx_word' id='word_1_133' title='bbox 357 2007 464 2075; x_wconf 86' lang='lat' dir='ltr'>Schol.</span> <span class='ocrx_word' id='word_1_134' title='bbox 486 2008 517 2073; x_wconf 88' lang='lat' dir='ltr'><strong>A</strong></span> <span class='ocrx_word' id='word_1_135' title='bbox 538 1999 794 2072; x_wconf 75' lang='grc' dir='ltr'><strong><em>καταείσατοτ</em></strong></span> <span class='ocrx_word' id='word_1_136' title='bbox 819 2005 1003 2094; x_wconf 86' lang='grc' dir='ltr'>ψιλωτέσν·</span> <span class='ocrx_word' id='word_1_137' title='bbox 1030 2002 1100 2074; x_wconf 84' lang='grc' dir='ltr'>άπὸ</span> <span class='ocrx_word' id='word_1_138' title='bbox 1120 2005 1182 2094; x_wconf 87' lang='grc' dir='ltr'>γὰρ</span> <span class='ocrx_word' id='word_1_139' title='bbox 1204 2009 1264 2074; x_wconf 83' lang='grc' dir='ltr'><strong><em>τοῦ</em></strong></span> <span class='ocrx_word' id='word_1_140' title='bbox 1285 2000 1365 2073; x_wconf 81' lang='grc' dir='ltr'>εἴδω</span> <span class='ocrx_word' id='word_1_141' title='bbox 1386 2003 1526 2092; x_wconf 82' lang='grc' dir='ltr'><strong><em>βαρυτό-</em></strong></span> 
     </span>
     <span class='ocr_line' id='line_1_17' title="bbox 306 2107 1524 2204; baseline 0.001 -25"><span class='ocrx_word' id='word_1_142' title='bbox 306 2143 308 2146; x_wconf 48' lang='lat'><em>⁴</em></span> <span class='ocrx_word' id='word_1_143' title='bbox 357 2137 414 2180; x_wconf 88' lang='grc' dir='ltr'>νσο</span> <span class='ocrx_word' id='word_1_144' title='bbox 435 2109 454 2180; x_wconf 83' lang='grc' dir='ltr'><strong><em>ὅ</em></strong></span> <span class='ocrx_word' id='word_1_145' title='bbox 475 2107 708 2200; x_wconf 88' lang='grc' dir='ltr'><strong><em>σχηματισμός.</em></strong></span> <span class='ocrx_word' id='word_1_146' title='bbox 744 2114 818 2183; x_wconf 86' lang='lat' dir='ltr'>Sch.</span> <span class='ocrx_word' id='word_1_147' title='bbox 832 2116 887 2183; x_wconf 85' lang='lat' dir='ltr'>BL</span> <span class='ocrx_word' id='word_1_148' title='bbox 902 2110 1009 2204; x_wconf 80' lang='grc' dir='ltr'>ἐφάνη</span> <span class='ocrx_word' id='word_1_149' title='bbox 1029 2113 1121 2202; x_wconf 83' lang='grc' dir='ltr'><strong><em>παρὰ</em></strong></span> <span class='ocrx_word' id='word_1_150' title='bbox 1142 2111 1181 2180; x_wconf 85' lang='grc' dir='ltr'><strong><em>τὸ</em></strong></span> <span class='ocrx_word' id='word_1_151' title='bbox 1203 2107 1340 2201; x_wconf 58' lang='lat' dir='ltr'>siricii</span> <span class='ocrx_word' id='word_1_152' title='bbox 1362 2110 1524 2201; x_wconf 87' lang='grc' dir='ltr'>κατήχθη,</span> 
     </span>
     <span class='ocr_line' id='line_1_18' title="bbox 357 2214 1527 2308; baseline 0.003 -23"><span class='ocrx_word' id='word_1_153' title='bbox 357 2218 450 2305; x_wconf 76' lang='grc' dir='ltr'><strong><em>παρὰ</em></strong></span> <span class='ocrx_word' id='word_1_154' title='bbox 472 2218 510 2288; x_wconf 88' lang='grc' dir='ltr'><strong><em>τὸ</em></strong></span> <span class='ocrx_word' id='word_1_155' title='bbox 533 2214 592 2286; x_wconf 67' lang='lat' dir='ltr'>elba</span> <span class='ocrx_word' id='word_1_156' title='bbox 612 2218 650 2287; x_wconf 85' lang='grc' dir='ltr'><strong><em>τὸ</em></strong></span> <span class='ocrx_word' id='word_1_157' title='bbox 675 2221 797 2308; x_wconf 80' lang='grc' dir='ltr'>δηλοῦν</span> <span class='ocrx_word' id='word_1_158' title='bbox 816 2221 855 2290; x_wconf 88' lang='grc' dir='ltr'><strong><em>τὸ</em></strong></span> <span class='ocrx_word' id='word_1_159' title='bbox 878 2218 1076 2308; x_wconf 73' lang='grc' dir='ltr'><strong><em>πορεύομαι.</em></strong></span> <span class='ocrx_word' id='word_1_160' title='bbox 1119 2223 1237 2289; x_wconf 88' lang='lat' dir='ltr'>Mirum</span> <span class='ocrx_word' id='word_1_161' title='bbox 1259 2227 1353 2304; x_wconf 78' lang='lat' dir='ltr'>esset,</span> <span class='ocrx_word' id='word_1_162' title='bbox 1374 2225 1401 2289; x_wconf 91' lang='lat' dir='ltr'>si</span> <span class='ocrx_word' id='word_1_163' title='bbox 1422 2224 1527 2291; x_wconf 89' lang='lat' dir='ltr'>Hero·</span> 
     </span>
     <span class='ocr_line' id='line_1_19' title="bbox 359 2329 1527 2416; baseline 0.001 -22"><span class='ocrx_word' id='word_1_164' title='bbox 359 2329 472 2395; x_wconf 89' lang='lat' dir='ltr'>dianus</span> <span class='ocrx_word' id='word_1_165' title='bbox 490 2333 558 2394; x_wconf 85' lang='lat' dir='ltr'>tarn</span> <span class='ocrx_word' id='word_1_166' title='bbox 578 2353 726 2416; x_wconf 89' lang='lat' dir='ltr'>perverse</span> <span class='ocrx_word' id='word_1_167' title='bbox 747 2331 833 2397; x_wconf 90' lang='lat' dir='ltr'>hunc</span> <span class='ocrx_word' id='word_1_168' title='bbox 853 2330 963 2398; x_wconf 90' lang='lat' dir='ltr'>locum</span> <span class='ocrx_word' id='word_1_169' title='bbox 982 2331 1195 2398; x_wconf 70' lang='lat' dir='ltr'>intellexisset</span> <span class='ocrx_word' id='word_1_170' title='bbox 1215 2335 1252 2396; x_wconf 91' lang='lat' dir='ltr'>ut</span> <span class='ocrx_word' id='word_1_171' title='bbox 1272 2332 1404 2397; x_wconf 88' lang='lat' dir='ltr'>verbum</span> <span class='ocrx_word' id='word_1_172' title='bbox 1426 2355 1527 2398; x_wconf 84' lang='grc' dir='ltr'><strong><em>κατα-</em></strong></span> 
     </span>
     <span class='ocr_line' id='line_1_20' title="bbox 358 2430 1527 2525; baseline 0.004 -25"><span class='ocrx_word' id='word_1_173' title='bbox 358 2431 470 2503; x_wconf 87' lang='grc' dir='ltr'><strong><em>είσατο</em></strong></span> <span class='ocrx_word' id='word_1_174' title='bbox 499 2438 540 2503; x_wconf 86' lang='lat' dir='ltr'>ab</span> <span class='ocrx_word' id='word_1_175' title='bbox 568 2430 648 2502; x_wconf 79' lang='grc' dir='ltr'>εἴδω</span> <span class='ocrx_word' id='word_1_176' title='bbox 676 2438 833 2505; x_wconf 78' lang='lat' dir='ltr'>derivaret</span> <span class='ocrx_word' id='word_1_177' title='bbox 862 2443 959 2524; x_wconf 82' lang='lat' dir='ltr'>atque</span> <span class='ocrx_word' id='word_1_178' title='bbox 985 2462 1043 2525; x_wconf 90' lang='lat' dir='ltr'>per</span> <span class='ocrx_word' id='word_1_179' title='bbox 1072 2433 1178 2525; x_wconf 73' lang='grc' dir='ltr'>ἐφάνη</span> <span class='ocrx_word' id='word_1_180' title='bbox 1205 2439 1378 2525; x_wconf 81' lang='lat' dir='ltr'>explicaret</span> <span class='ocrx_word' id='word_1_181' title='bbox 1403 2440 1475 2519; x_wconf 83' lang='lat' dir='ltr'>„ubi</span> <span class='ocrx_word' id='word_1_182' title='bbox 1497 2441 1527 2506; x_wconf 93' lang='lat' dir='ltr'>ei</span> 
     </span>
     <span class='ocr_line' id='line_1_21' title="bbox 356 2545 1526 2632; baseline 0.002 -21"><span class='ocrx_word' id='word_1_183' title='bbox 356 2546 446 2611; x_wconf 89' lang='lat' dir='ltr'>humi</span> <span class='ocrx_word' id='word_1_184' title='bbox 468 2546 644 2631; x_wconf 79' lang='lat' dir='ltr'>apparebat</span> <span class='ocrx_word' id='word_1_185' title='bbox 664 2545 782 2612; x_wconf 87' lang='lat' dir='ltr'>hasta“.</span> <span class='ocrx_word' id='word_1_186' title='bbox 818 2545 891 2612; x_wconf 90' lang='lat' dir='ltr'>Hoc</span> <span class='ocrx_word' id='word_1_187' title='bbox 917 2546 983 2612; x_wconf 88' lang='lat' dir='ltr'>illis</span> <span class='ocrx_word' id='word_1_188' title='bbox 1008 2547 1241 2631; x_wconf 84' lang='lat' dir='ltr'>posterioribus</span> <span class='ocrx_word' id='word_1_189' title='bbox 1269 2547 1526 2632; x_wconf 88' lang='lat' dir='ltr'>relinquendum,</span> 
     </span>
     <span class='ocr_line' id='line_1_22' title="bbox 360 2648 1527 2739; baseline -0.002 -20"><span class='ocrx_word' id='word_1_190' title='bbox 360 2675 498 2738; x_wconf 89' lang='lat' dir='ltr'>quorum</span> <span class='ocrx_word' id='word_1_191' title='bbox 519 2651 701 2718; x_wconf 86' lang='lat' dir='ltr'>commenta</span> <span class='ocrx_word' id='word_1_192' title='bbox 721 2653 756 2717; x_wconf 89' lang='lat' dir='ltr'>in</span> <span class='ocrx_word' id='word_1_193' title='bbox 778 2653 951 2720; x_wconf 89' lang='lat' dir='ltr'>scholiisB</span> <span class='ocrx_word' id='word_1_194' title='bbox 974 2657 1007 2720; x_wconf 90' lang='lat' dir='ltr'>et</span> <span class='ocrx_word' id='word_1_195' title='bbox 1026 2652 1051 2720; x_wconf 82' lang='lat' dir='ltr'>L</span> <span class='ocrx_word' id='word_1_196' title='bbox 1072 2653 1217 2739; x_wconf 82' lang='lat' dir='ltr'>legimns,</span> <span class='ocrx_word' id='word_1_197' title='bbox 1237 2655 1323 2720; x_wconf 89' lang='lat' dir='ltr'>unde</span> <span class='ocrx_word' id='word_1_198' title='bbox 1344 2654 1426 2721; x_wconf 89' lang='lat' dir='ltr'>illud</span> <span class='ocrx_word' id='word_1_199' title='bbox 1447 2648 1527 2718; x_wconf 75' lang='grc' dir='ltr'>εἴδω</span> 
     </span>
     <span class='ocr_line' id='line_1_23' title="bbox 358 2749 1527 2848; baseline 0.002 -23"><span class='ocrx_word' id='word_1_200' title='bbox 358 2762 393 2825; x_wconf 91' lang='lat' dir='ltr'>in</span> <span class='ocrx_word' id='word_1_201' title='bbox 420 2760 568 2826; x_wconf 82' lang='lat' dir='ltr'>scholion</span> <span class='ocrx_word' id='word_1_202' title='bbox 594 2759 713 2826; x_wconf 88' lang='lat' dir='ltr'>codicis</span> <span class='ocrx_word' id='word_1_203' title='bbox 734 2763 763 2826; x_wconf 84' lang='lat' dir='ltr'>A</span> <span class='ocrx_word' id='word_1_204' title='bbox 784 2766 865 2846; x_wconf 90' lang='lat' dir='ltr'>puto</span> <span class='ocrx_word' id='word_1_205' title='bbox 887 2758 988 2827; x_wconf 90' lang='lat' dir='ltr'>invito</span> <span class='ocrx_word' id='word_1_206' title='bbox 1009 2765 1139 2828; x_wconf 89' lang='lat' dir='ltr'>auctore</span> <span class='ocrx_word' id='word_1_207' title='bbox 1160 2749 1324 2848; x_wconf 71' lang='lat' dir='ltr'>nigrasse.</span> <span class='ocrx_word' id='word_1_208' title='bbox 1366 2761 1527 2847; x_wconf 81' lang='lat' dir='ltr'>Equidem</span> 
     </span>
     <span class='ocr_line' id='line_1_24' title="bbox 359 2862 1528 2955; baseline 0.003 -22"><span class='ocrx_word' id='word_1_209' title='bbox 359 2869 400 2933; x_wconf 89' lang='lat' dir='ltr'>ab</span> <span class='ocrx_word' id='word_1_210' title='bbox 433 2867 619 2934; x_wconf 83' lang='lat' dir='ltr'>Herodiano</span> <span class='ocrx_word' id='word_1_211' title='bbox 649 2869 828 2953; x_wconf 87' lang='lat' dir='ltr'>putaverim</span> <span class='ocrx_word' id='word_1_212' title='bbox 862 2862 920 2933; x_wconf 78' lang='grc' dir='ltr'>είω</span> <span class='ocrx_word' id='word_1_213' title='bbox 954 2870 1135 2955; x_wconf 88' lang='lat' dir='ltr'>profectum</span> <span class='ocrx_word' id='word_1_214' title='bbox 1168 2891 1245 2937; x_wconf 87' lang='lat' dir='ltr'>esse.</span> <span class='ocrx_word' id='word_1_215' title='bbox 1287 2867 1528 2955; x_wconf 86' lang='lat' dir='ltr'>Inquisiverunt</span> 
     </span>
     <span class='ocr_line' id='line_1_25' title="bbox 360 2966 1528 3062; baseline 0.002 -21"><span class='ocrx_word' id='word_1_216' title='bbox 360 2975 446 3041; x_wconf 86' lang='lat' dir='ltr'>enim</span> <span class='ocrx_word' id='word_1_217' title='bbox 472 2979 596 3042; x_wconf 90' lang='lat' dir='ltr'>veteres</span> <span class='ocrx_word' id='word_1_218' title='bbox 621 2976 655 3041; x_wconf 88' lang='lat' dir='ltr'>in</span> <span class='ocrx_word' id='word_1_219' title='bbox 682 2977 837 3057; x_wconf 86' lang='lat' dir='ltr'>rationes,</span> <span class='ocrx_word' id='word_1_220' title='bbox 864 2999 920 3042; x_wconf 87' lang='lat' dir='ltr'>cur</span> <span class='ocrx_word' id='word_1_221' title='bbox 946 2978 1030 3043; x_wconf 90' lang='lat' dir='ltr'>lenis</span> <span class='ocrx_word' id='word_1_222' title='bbox 1051 2982 1137 3044; x_wconf 91' lang='lat' dir='ltr'>esset</span> <span class='ocrx_word' id='word_1_223' title='bbox 1158 2977 1246 3043; x_wconf 88' lang='lat' dir='ltr'>verbi</span> <span class='ocrx_word' id='word_1_224' title='bbox 1268 2966 1337 3057; x_wconf 81' lang='grc' dir='ltr'><strong><em>εἶμι</em></strong></span> <span class='ocrx_word' id='word_1_225' title='bbox 1358 2977 1528 3062; x_wconf 84' lang='lat' dir='ltr'>aspiratio:</span> 
     </span>
     <span class='ocr_line' id='line_1_26' title="bbox 293 3073 1529 3172; baseline -0.002 -19"><span class='ocrx_word' id='word_1_226' title='bbox 293 3103 342 3154; x_wconf 78' lang='lat'>³15</span> <span class='ocrx_word' id='word_1_227' title='bbox 359 3083 451 3149; x_wconf 81' lang='lat' dir='ltr'>Euat.</span> <span class='ocrx_word' id='word_1_228' title='bbox 474 3106 505 3169; x_wconf 88' lang='lat' dir='ltr'>p.</span> <span class='ocrx_word' id='word_1_229' title='bbox 527 3091 613 3163; x_wconf 82' lang='lat'>1407,</span> <span class='ocrx_word' id='word_1_230' title='bbox 634 3091 675 3152; x_wconf 81' lang='lat'>54</span> <span class='ocrx_word' id='word_1_231' title='bbox 695 3082 861 3172; x_wconf 74' lang='grc' dir='ltr'>φιλοῦσαι</span> <span class='ocrx_word' id='word_1_232' title='bbox 882 3079 977 3149; x_wconf 83' lang='grc' dir='ltr'><strong><em>δὲτὸ</em></strong></span> <span class='ocrx_word' id='word_1_233' title='bbox 1000 3074 1069 3167; x_wconf 85' lang='grc' dir='ltr'><strong><em>εἶμι</em></strong></span> <span class='ocrx_word' id='word_1_234' title='bbox 1089 3081 1202 3150; x_wconf 84' lang='grc' dir='ltr'><strong><em>καὶτὸ</em></strong></span> <span class='ocrx_word' id='word_1_235' title='bbox 1225 3073 1273 3162; x_wconf 81' lang='grc' dir='ltr'>εἷς</span> <span class='ocrx_word' id='word_1_236' title='bbox 1293 3076 1366 3151; x_wconf 68' lang='lat' dir='ltr'>dat</span> <span class='ocrx_word' id='word_1_237' title='bbox 1385 3086 1445 3149; x_wconf 85' lang='grc' dir='ltr'><strong><em>τοῦ</em></strong></span> <span class='ocrx_word' id='word_1_238' title='bbox 1465 3107 1529 3150; x_wconf 76' lang='grc' dir='ltr'>νιο-</span> 
     </span>
     <span class='ocr_line' id='line_1_27' title="bbox 358 3184 1529 3279; baseline 0.001 -24"><span class='ocrx_word' id='word_1_239' title='bbox 358 3186 452 3279; x_wconf 74' lang='grc' dir='ltr'>ρεάῃ,</span> <span class='ocrx_word' id='word_1_240' title='bbox 480 3184 570 3278; x_wconf 74' lang='grc' dir='ltr'>ἔρχῃ,</span> <span class='ocrx_word' id='word_1_241' title='bbox 599 3188 656 3255; x_wconf 88' lang='grc' dir='ltr'>διὰ</span> <span class='ocrx_word' id='word_1_242' title='bbox 677 3189 738 3279; x_wconf 86' lang='grc' dir='ltr'>τήν</span> <span class='ocrx_word' id='word_1_243' title='bbox 766 3187 946 3257; x_wconf 76' lang='grc' dir='ltr'>ἐπένθεσιν</span> <span class='ocrx_word' id='word_1_244' title='bbox 966 3195 1026 3259; x_wconf 84' lang='grc' dir='ltr'><strong><em>τοῦ</em></strong></span> <span class='ocrx_word' id='word_1_245' title='bbox 1048 3212 1073 3256; x_wconf 89' lang='grc' dir='ltr'>ι·</span> <span class='ocrx_word' id='word_1_246' title='bbox 1109 3184 1220 3269; x_wconf 84' lang='grc' dir='ltr'>άλλως</span> <span class='ocrx_word' id='word_1_247' title='bbox 1241 3189 1302 3277; x_wconf 85' lang='grc' dir='ltr'>γάρ</span> <span class='ocrx_word' id='word_1_248' title='bbox 1325 3184 1529 3257; x_wconf 78' lang='grc' dir='ltr'>δασύνεσθαι</span> 
     </span>
     <span class='ocr_line' id='line_1_28' title="bbox 359 3290 1528 3387; baseline 0.003 -24"><span class='ocrx_word' id='word_1_249' title='bbox 359 3291 503 3385; x_wconf 74' lang='grc' dir='ltr'>ι’άφειλεν</span> <span class='ocrx_word' id='word_1_250' title='bbox 517 3290 587 3364; x_wconf 83' lang='grc' dir='ltr'>άπὸ</span> <span class='ocrx_word' id='word_1_251' title='bbox 608 3302 667 3364; x_wconf 86' lang='grc' dir='ltr'><strong><em>τοῦ</em></strong></span> <span class='ocrx_word' id='word_1_252' title='bbox 690 3295 734 3364; x_wconf 72' lang='grc' dir='ltr'>ἕω</span> <span class='ocrx_word' id='word_1_253' title='bbox 755 3296 793 3364; x_wconf 88' lang='grc' dir='ltr'><strong><em>τὸ</em></strong></span> <span class='ocrx_word' id='word_1_254' title='bbox 815 3292 1013 3383; x_wconf 82' lang='grc' dir='ltr'><strong><em>πορεύομαι.</em></strong></span> <span class='ocrx_word' id='word_1_255' title='bbox 1048 3300 1167 3366; x_wconf 84' lang='lat' dir='ltr'>Forma</span> <span class='ocrx_word' id='word_1_256' title='bbox 1180 3292 1238 3364; x_wconf 82' lang='grc' dir='ltr'><strong><em>ε’ίω</em></strong></span> <span class='ocrx_word' id='word_1_257' title='bbox 1253 3300 1373 3385; x_wconf 89' lang='lat' dir='ltr'>ubique</span> <span class='ocrx_word' id='word_1_258' title='bbox 1388 3324 1407 3365; x_wconf 89' lang='lat' dir='ltr'>a</span> <span class='ocrx_word' id='word_1_259' title='bbox 1421 3322 1528 3387; x_wconf 82' lang='lat' dir='ltr'>gram-</span> 
     </span>
     <span class='ocr_line' id='line_1_29' title="bbox 358 3397 1529 3493; baseline 0 -21"><span class='ocrx_word' id='word_1_260' title='bbox 358 3407 485 3472; x_wconf 82' lang='lat' dir='ltr'>maticis</span> <span class='ocrx_word' id='word_1_261' title='bbox 513 3406 658 3473; x_wconf 84' lang='lat' dir='ltr'>adhibita</span> <span class='ocrx_word' id='word_1_262' title='bbox 691 3408 726 3471; x_wconf 91' lang='lat' dir='ltr'>in</span> <span class='ocrx_word' id='word_1_263' title='bbox 756 3407 868 3474; x_wconf 87' lang='lat' dir='ltr'>formis</span> <span class='ocrx_word' id='word_1_264' title='bbox 901 3408 1049 3475; x_wconf 82' lang='lat' dir='ltr'>vocabuli</span> <span class='ocrx_word' id='word_1_265' title='bbox 1080 3397 1150 3490; x_wconf 77' lang='grc' dir='ltr'>ελμι</span> <span class='ocrx_word' id='word_1_266' title='bbox 1182 3407 1389 3493; x_wconf 85' lang='lat' dir='ltr'>explicandis,</span> <span class='ocrx_word' id='word_1_267' title='bbox 1421 3407 1460 3473; x_wconf 83' lang='grc' dir='ltr'>Ε.</span> <span class='ocrx_word' id='word_1_268' title='bbox 1486 3407 1529 3473; x_wconf 87' lang='grc' dir='ltr'>Μ.</span> 
     </span>
     <span class='ocr_line' id='line_1_30' title="bbox 362 3512 1530 3600; baseline -0.003 -17"><span class='ocrx_word' id='word_1_269' title='bbox 362 3521 434 3593; x_wconf 80' lang='grc'>121,</span> <span class='ocrx_word' id='word_1_270' title='bbox 455 3519 504 3583; x_wconf 79' lang='grc'>29.</span> <span class='ocrx_word' id='word_1_271' title='bbox 546 3512 653 3582; x_wconf 82' lang='lat' dir='ltr'>Schol.</span> <span class='ocrx_word' id='word_1_272' title='bbox 674 3514 752 3582; x_wconf 89' lang='lat' dir='ltr'>Hes.</span> <span class='ocrx_word' id='word_1_273' title='bbox 775 3513 863 3582; x_wconf 87' lang='lat' dir='ltr'>Scut.</span> <span class='ocrx_word' id='word_1_274' title='bbox 886 3520 934 3583; x_wconf 80' lang='lat'>23.</span> <span class='ocrx_word' id='word_1_275' title='bbox 956 3552 997 3562; x_wconf 92' lang='lat'>-</span> <span class='ocrx_word' id='word_1_276' title='bbox 1017 3513 1167 3580; x_wconf 81' lang='lat' dir='ltr'>Fortasse</span> <span class='ocrx_word' id='word_1_277' title='bbox 1189 3515 1333 3594; x_wconf 82' lang='lat' dir='ltr'>fuerunt,</span> <span class='ocrx_word' id='word_1_278' title='bbox 1354 3514 1410 3600; x_wconf 89' lang='lat' dir='ltr'>qui</span> <span class='ocrx_word' id='word_1_279' title='bbox 1433 3536 1471 3580; x_wconf 91' lang='lat' dir='ltr'>eo</span> <span class='ocrx_word' id='word_1_280' title='bbox 1492 3515 1530 3580; x_wconf 89' lang='lat' dir='ltr'>de</span> 
     </span>
     <span class='ocr_line' id='line_1_31' title="bbox 361 3616 1531 3708; baseline -0.002 -21"><span class='ocrx_word' id='word_1_281' title='bbox 361 3644 425 3707; x_wconf 87' lang='lat' dir='ltr'>quo</span> <span class='ocrx_word' id='word_1_282' title='bbox 455 3621 587 3687; x_wconf 86' lang='lat' dir='ltr'>dicimus</span> <span class='ocrx_word' id='word_1_283' title='bbox 614 3623 687 3688; x_wconf 90' lang='lat' dir='ltr'>loco</span> <span class='ocrx_word' id='word_1_284' title='bbox 711 3617 911 3687; x_wconf 86' lang='grc' dir='ltr'><strong><em>καταείσατο</em></strong></span> <span class='ocrx_word' id='word_1_285' title='bbox 940 3618 1123 3687; x_wconf 63' lang='lat' dir='ltr'>anob-{to</span> <span class='ocrx_word' id='word_1_286' title='bbox 1145 3616 1316 3708; x_wconf 84' lang='grc' dir='ltr'><strong><em>(καθίημι)</em></strong></span> <span class='ocrx_word' id='word_1_287' title='bbox 1344 3622 1531 3699; x_wconf 82' lang='lat' dir='ltr'>derivarent,</span> 
     </span>
     <span class='ocr_line' id='line_1_32' title="bbox 361 3728 1530 3816; baseline -0.001 -22"><span class='ocrx_word' id='word_1_288' title='bbox 361 3752 458 3795; x_wconf 85' lang='lat' dir='ltr'>sensu</span> <span class='ocrx_word' id='word_1_289' title='bbox 479 3729 683 3795; x_wconf 86' lang='lat' dir='ltr'>intransitivo</span> <span class='ocrx_word' id='word_1_290' title='bbox 704 3730 755 3813; x_wconf 84' lang='lat' dir='ltr'>(cl.</span> <span class='ocrx_word' id='word_1_291' title='bbox 777 3729 900 3795; x_wconf 87' lang='lat' dir='ltr'>Buttm.</span> <span class='ocrx_word' id='word_1_292' title='bbox 923 3752 969 3816; x_wconf 78' lang='lat' dir='ltr'>gr.</span> <span class='ocrx_word' id='word_1_293' title='bbox 989 3728 1049 3815; x_wconf 88' lang='lat' dir='ltr'>lp.</span> <span class='ocrx_word' id='word_1_294' title='bbox 1065 3733 1148 3813; x_wconf 81' lang='lat'>545),</span> <span class='ocrx_word' id='word_1_295' title='bbox 1172 3729 1259 3815; x_wconf 91' lang='lat' dir='ltr'>iique</span> <span class='ocrx_word' id='word_1_296' title='bbox 1282 3728 1322 3794; x_wconf 90' lang='lat' dir='ltr'>ab</span> <span class='ocrx_word' id='word_1_297' title='bbox 1343 3728 1530 3795; x_wconf 86' lang='lat' dir='ltr'>Herodiano</span> 
     </span>
     <span class='ocr_line' id='line_1_33' title="bbox 360 3835 1058 3923; baseline -0.003 -21"><span class='ocrx_word' id='word_1_298' title='bbox 360 3837 501 3903; x_wconf 84' lang='lat' dir='ltr'>refutati.</span> <span class='ocrx_word' id='word_1_299' title='bbox 543 3835 609 3902; x_wconf 81' lang='lat' dir='ltr'>Sed</span> <span class='ocrx_word' id='word_1_300' title='bbox 630 3836 708 3902; x_wconf 84' lang='lat' dir='ltr'>haec</span> <span class='ocrx_word' id='word_1_301' title='bbox 729 3860 817 3904; x_wconf 89' lang='lat' dir='ltr'>mera</span> <span class='ocrx_word' id='word_1_302' title='bbox 837 3838 977 3923; x_wconf 87' lang='lat' dir='ltr'>suspicio</span> <span class='ocrx_word' id='word_1_303' title='bbox 1000 3841 1058 3903; x_wconf 87' lang='lat' dir='ltr'>est.</span> 
     </span>
    </p>
   </div>
   <div class='ocr_carea' id='block_1_5' title="bbox 360 3994 1534 4415">
    <p class='ocr_par' dir='ltr' id='par_1_6' title="bbox 360 3994 1534 4415">
     <span class='ocr_line' id='line_1_34' title="bbox 443 3994 1531 4091; baseline -0.002 -24"><span class='ocrx_word' id='word_1_304' title='bbox 443 4003 473 4067; x_wconf 88' lang='lat' dir='ltr'><strong><em>E</em></strong></span> <span class='ocrx_word' id='word_1_305' title='bbox 495 4010 553 4073; x_wconf 81' lang='lat'>164</span> <span class='ocrx_word' id='word_1_306' title='bbox 572 3995 777 4082; x_wconf 73' lang='grc' dir='ltr'>άέκονταςε</span> <span class='ocrx_word' id='word_1_307' title='bbox 805 3997 956 4091; x_wconf 83' lang='grc' dir='ltr'>στέρησίς</span> <span class='ocrx_word' id='word_1_308' title='bbox 982 3999 1053 4068; x_wconf 76' lang='grc' dir='ltr'><strong><em>ἔστι</em></strong></span> <span class='ocrx_word' id='word_1_309' title='bbox 1077 4006 1136 4069; x_wconf 83' lang='grc' dir='ltr'><strong><em>τοῦ</em></strong></span> <span class='ocrx_word' id='word_1_310' title='bbox 1160 3995 1277 4069; x_wconf 76' lang='grc' dir='ltr'><strong><em>ἑκόντα</em></strong></span> <span class='ocrx_word' id='word_1_311' title='bbox 1307 3998 1346 4069; x_wconf 86' lang='grc' dir='ltr'><strong><em>τὸ</em></strong></span> <span class='ocrx_word' id='word_1_312' title='bbox 1374 3994 1531 4068; x_wconf 81' lang='grc' dir='ltr'>ἀέκοντα·</span> 
     </span>
     <span class='ocr_line' id='line_1_35' title="bbox 362 4100 1534 4199; baseline -0.003 -23"><span class='ocrx_word' id='word_1_313' title='bbox 362 4109 417 4179; x_wconf 87' lang='grc' dir='ltr'>διὸ</span> <span class='ocrx_word' id='word_1_314' title='bbox 434 4106 612 4177; x_wconf 83' lang='grc' dir='ltr'>δασυντέον</span> <span class='ocrx_word' id='word_1_315' title='bbox 624 4108 663 4176; x_wconf 84' lang='grc' dir='ltr'><strong><em>τὸ</em></strong></span> <span class='ocrx_word' id='word_1_316' title='bbox 679 4134 706 4179; x_wconf 87' lang='grc' dir='ltr'>ε.</span> <span class='ocrx_word' id='word_1_317' title='bbox 740 4105 856 4177; x_wconf 80' lang='grc' dir='ltr'><strong><em>πταίει</em></strong></span> <span class='ocrx_word' id='word_1_318' title='bbox 880 4100 938 4176; x_wconf 82' lang='grc' dir='ltr'>σάν</span> <span class='ocrx_word' id='word_1_319' title='bbox 952 4104 1076 4188; x_wconf 89' lang='grc' dir='ltr'><strong><em>Νικίας</em></strong></span> <span class='ocrx_word' id='word_1_320' title='bbox 1096 4108 1209 4199; x_wconf 77' lang='grc' dir='ltr'>φιλῶν</span> <span class='ocrx_word' id='word_1_321' title='bbox 1228 4106 1267 4176; x_wconf 84' lang='grc' dir='ltr'><strong><em>τὸ</em></strong></span> <span class='ocrx_word' id='word_1_322' title='bbox 1289 4129 1319 4175; x_wconf 87' lang='grc' dir='ltr'>ε·</span> <span class='ocrx_word' id='word_1_323' title='bbox 1344 4102 1450 4176; x_wconf 80' lang='grc' dir='ltr'><strong><em>οἴεται</em></strong></span> <span class='ocrx_word' id='word_1_324' title='bbox 1471 4106 1534 4194; x_wconf 85' lang='grc' dir='ltr'>γὰρ</span> 
     </span>
     <span class='ocr_line' id='line_1_36' title="bbox 360 4210 1532 4307; baseline -0.003 -23"><span class='ocrx_word' id='word_1_325' title='bbox 360 4223 408 4305; x_wconf 76' lang='grc' dir='ltr'><strong><em>τῷ</em></strong></span> <span class='ocrx_word' id='word_1_326' title='bbox 428 4220 514 4307; x_wconf 83' lang='grc' dir='ltr'>&lt;εοδ.</span> <span class='ocrx_word' id='word_1_327' title='bbox 528 4216 584 4305; x_wconf 77' lang='grc' dir='ltr'>τὸ)</span> <span class='ocrx_word' id='word_1_328' title='bbox 605 4212 728 4285; x_wconf 86' lang='grc' dir='ltr'><strong><em>δίκοντα</em></strong></span> <span class='ocrx_word' id='word_1_329' title='bbox 742 4212 987 4284; x_wconf 79' lang='grc' dir='ltr'>ἐπεντίθεσθαι</span> <span class='ocrx_word' id='word_1_330' title='bbox 1007 4215 1046 4285; x_wconf 84' lang='grc' dir='ltr'><strong><em>τὸ</em></strong></span> <span class='ocrx_word' id='word_1_331' title='bbox 1068 4240 1094 4296; x_wconf 85' lang='lat' dir='ltr'>e,</span> <span class='ocrx_word' id='word_1_332' title='bbox 1118 4212 1202 4300; x_wconf 84' lang='grc' dir='ltr'>ὅπερ</span> <span class='ocrx_word' id='word_1_333' title='bbox 1224 4210 1284 4283; x_wconf 76' lang='grc' dir='ltr'>οὐκ</span> <span class='ocrx_word' id='word_1_334' title='bbox 1305 4211 1387 4283; x_wconf 72' lang='grc' dir='ltr'><strong><em>ἔστι·</em></strong></span> <span class='ocrx_word' id='word_1_335' title='bbox 1408 4214 1448 4281; x_wconf 84' lang='grc' dir='ltr'><strong><em>τὸ</em></strong></span> <span class='ocrx_word' id='word_1_336' title='bbox 1470 4213 1532 4299; x_wconf 83' lang='grc' dir='ltr'>γὰρ</span> 
     </span>
     <span class='ocr_line' id='line_1_37' title="bbox 364 4318 1530 4415; baseline -0.001 -25"><span class='ocrx_word' id='word_1_337' title='bbox 364 4321 487 4393; x_wconf 83' lang='grc' dir='ltr'>άκοντα</span> <span class='ocrx_word' id='word_1_338' title='bbox 508 4323 696 4415; x_wconf 88' lang='grc' dir='ltr'>συναλοιφή</span> <span class='ocrx_word' id='word_1_339' title='bbox 718 4323 787 4393; x_wconf 80' lang='grc' dir='ltr'>ἐστι</span> <span class='ocrx_word' id='word_1_340' title='bbox 807 4329 867 4392; x_wconf 82' lang='grc' dir='ltr'><strong><em>τοῦ</em></strong></span> <span class='ocrx_word' id='word_1_341' title='bbox 889 4319 1040 4395; x_wconf 75' lang='grc' dir='ltr'><strong><em>ἀέκοντα.</em></strong></span> <span class='ocrx_word' id='word_1_342' title='bbox 1077 4322 1135 4390; x_wconf 87' lang='grc' dir='ltr'>διὰ</span> <span class='ocrx_word' id='word_1_343' title='bbox 1149 4318 1184 4389; x_wconf 88' lang='grc' dir='ltr'>τί</span> <span class='ocrx_word' id='word_1_344' title='bbox 1198 4321 1235 4390; x_wconf 80' lang='grc' dir='ltr'>δὲ</span> <span class='ocrx_word' id='word_1_345' title='bbox 1254 4322 1293 4393; x_wconf 87' lang='grc' dir='ltr'><strong><em>τὸ</em></strong></span> <span class='ocrx_word' id='word_1_346' title='bbox 1315 4348 1337 4390; x_wconf 95' lang='grc' dir='ltr'><strong><em>α</em></strong></span> <span class='ocrx_word' id='word_1_347' title='bbox 1359 4319 1530 4412; x_wconf 81' lang='grc' dir='ltr'>ἒψιλάθη,</span> 
     </span>
    </p>
   </div>
   <div class='ocr_carea' id='block_1_6' title="bbox 0 0 1726 4934">
    <p class='ocr_par' dir='ltr' id='par_1_7' title="bbox 0 0 1726 4934">
     <span class='ocr_line' id='line_1_38' title="bbox 0 0 1726 4934; baseline 0 0"><span class='ocrx_word' id='word_1_348' title='bbox 0 0 1726 4934; x_wconf 95' lang='lat' dir='ltr'> </span> 
     </span>
    </p>
   </div>
  </div>
 </body>
</html>
