3425 4934
375 334 435 404 ³32
675 336 709 396 V.
728 337 770 399 Dc
787 338 890 400 criticis
908 339 1060 399 Aristarchi
1077 339 1238 399 rationibus.

456 507 475 592 fi
497 513 525 574 2.
559 505 719 576 Notandis
741 506 886 575 versibus
907 511 1023 603 spuriis
1045 531 1140 577 omne
1159 532 1252 576 verae
1274 509 1402 576 criticae
1422 507 1538 577 etHo·

373 616 509 682 maricae
536 617 672 683 maxime
699 618 944 684 frmdamentum
963 619 1092 685 iactum.
1134 616 1220 701 Nam
1241 617 1394 703 quamdiu
1415 618 1449 683 in
1469 639 1537 682 car·

372 723 514 790 minibus
539 747 612 790 vere
640 725 773 806 dissoni,
801 725 931 792 absurdi
955 724 1019 791 loci
1044 724 1249 811 legebantur,
1284 725 1415 812 vigebat
1440 748 1538 811 quae·

373 832 527 909 stionum,
558 854 637 918 quas
665 855 761 918 supra
787 833 1025 919 descripsimus,
1053 832 1148 899 ardor
1173 854 1232 898 nec
1258 831 1381 899 multae
1406 832 1537 899 refutari

372 944 523 1025 poterant
544 940 606 1006 nisi
628 941 827 1028 argumentis
848 942 927 1007 item
947 940 1066 1027 ineptis
1087 962 1146 1006 nec
1167 962 1218 1006 res
1240 963 1259 1006 a
1279 940 1395 1026 puerili
1416 944 1450 1006 et
1471 941 1538 1006 dia·

371 1046 485 1115 lectica
512 1047 698 1115 velitatione
726 1049 767 1115 ad
791 1049 916 1115 virilem
944 1052 976 1115 et
1001 1049 1243 1136 grammaticam
1274 1047 1537 1115 deliberationem

371 1155 480 1220 venire
510 1159 646 1241 poterat.
697 1156 802 1241 Quare
832 1157 860 1223 si
894 1156 975 1222 nihil
1000 1156 1088 1224 aliud
1113 1156 1328 1243 praestitisset
1353 1154 1538 1221 Zenodotus

372 1284 469 1347 quam
493 1267 531 1328 ut
554 1262 638 1330 hanc
658 1264 902 1332 meditationem
926 1264 968 1332 ad
987 1263 1164 1332 Homerum
1190 1263 1352 1330 attulisset
1372 1285 1538 1348 nunquam

371 1369 440 1436 eius
461 1371 616 1437 memoria
636 1372 740 1457 perire
763 1371 906 1452 deberet,
928 1374 1047 1459 quippe
1069 1396 1088 1441 a
1110 1394 1174 1458 quo
1197 1372 1301 1437 omnis
1322 1371 1450 1438 criticae
1471 1370 1538 1456 pri·

370 1478 495 1545 mordis
514 1480 689 1567 repetenda
710 1480 880 1548 essent²⁴⁰.
916 1480 1035 1547 Causas
1056 1481 1084 1547 si
1106 1480 1287 1569 quaerimus
1310 1480 1428 1565 quibus
1449 1500 1538 1545 com·

436 1697 475 1741 2⁴0
492 1695 572 1753 Obeli
592 1696 684 1769 ipsum
705 1695 762 1751 iam
783 1695 894 1768 signnm
912 1695 1046 1753 Zenodoti
1067 1698 1185 1755 editioni
1207 1696 1366 1771 appositum
1383 1695 1465 1752 fuisse
1482 1714 1540 1753 non

370 1779 564 1837 dubitandum
599 1779 799 1853 Aristophanes
817 1786 964 1853 praeterea
980 1781 1010 1836 in
1027 1781 1181 1839 Homericis
1203 1780 1305 1839 habuit
1323 1781 1473 1838 ceraunion
1490 1783 1538 1852 (ad

369 1866 463 1937 plnres
479 1869 512 1921 ut
527 1865 639 1922 videtur
655 1865 801 1922 continuos
818 1883 913 1921 versus
931 1866 1038 1938 spurios
1055 1885 1111 1924 nno
1129 1867 1209 1939 signo
1226 1866 1373 1933 notandos,
1390 1866 1467 1936 quod
1478 1866 1538 1922 Ari·

369 1951 480 2007 starchc
496 1968 553 2007 non
570 1950 746 2007 commodum
763 1949 854 2007 risum
871 1969 923 2007 nec
940 1953 1111 2023 amantum),
1129 1951 1218 2023 sigma
1235 1954 1265 2007 et
1281 1950 1443 2022 antisigma,
1466 1956 1540 2008 aste·

369 2035 501 2100 riscum,
503 2035 549 2103 ,ad
566 2035 705 2092 notandos
721 2036 796 2092 locos
814 2036 915 2106 quibus
932 2054 1026 2094 sensus
1043 2037 1167 2094 deesset‘
1189 2035 1305 2106 (Anecd
1323 2035 1406 2091 Paris.
1424 2035 1540 2091 Reiffer-

369 2120 464 2177 scheid
485 2139 513 2191 p.
533 2120 600 2190 139).
639 2119 697 2176 Nec
719 2120 756 2175 ad
778 2121 850 2177 hanc
876 2140 935 2178 rem
959 2121 1132 2189 Aristarcho,
1155 2120 1200 2177 cui
1222 2119 1259 2175 ad
1280 2121 1334 2175 hcc
1356 2119 1441 2175 etiam
1462 2120 1538 2191 diple

369 2204 538 2270 mfficiebat,
561 2204 701 2276 singulare
723 2205 834 2276 signum
856 2224 927 2278 opus
948 2206 1105 2263 videbatur.
1139 2205 1194 2262 Sed
1210 2208 1327 2300 praeter·
1339 2203 1435 2275 diplen
1451 2205 1539 2276 perie⁴

369 2289 525 2388 stigmam
547 2289 584 2344 ad
601 2289 759 2346 Zenodctea
781 2290 908 2347 nchnda
930 2291 1106 2348 commodum
1123 2290 1283 2347 Aristarcho
1300 2289 1389 2344 risum
1406 2287 1539 2359 singulari

369 2375 448 2446 signo
469 2378 568 2431 notare
584 2373 659 2430 locos
682 2379 855 2432 recurrentes
872 2393 948 2431 nunc
964 2380 1040 2433 recte
1056 2393 1131 2431 nunc
1147 2375 1218 2430 falso
1237 2373 1354 2446 positos,
1382 2377 1412 2429 et
1429 2374 1467 2429 ad
1484 2373 1539 2430 hcc

368 2460 492 2532 potins'
484 2476 543 2530 ipse
565 2458 695 2516 asterisco
717 2477 783 2517 usus
800 2464 842 2517 est
860 2466 889 2519 et
908 2459 1117 2531 contraposuit
1134 2459 1295 2516 astensem
1312 2459 1460 2515 obelatum.
1494 2458 1536 2514 De

368 2544 412 2600 his
428 2544 493 2601 vide
510 2544 667 2600 Nauckium
684 2545 769 2602 Arist.
787 2565 815 2618 p.
830 2550 862 2602 16
881 2550 910 2602 et
927 2544 1164 2615 Sengebuschium
1181 2544 1243 2600 dias.
1255 2544 1335 2600 Hom.
1347 2544 1361 2599 I
1372 2562 1398 2614 p.
1412 2550 1452 2599 50.
1481 2543 1536 2599 Sed

368 2629 444 2700 quod
461 2628 536 2685 idem
553 2628 601 2684 ille
619 2631 729 2696 auctor,
751 2630 796 2686 cui
813 2630 863 2686 illa
879 2630 915 2686 ds
932 2628 1063 2686 asterisco
1081 2629 1285 2702 Aristophaneo
1303 2629 1443 2694 debemus,
1460 2628 1537 2698 quod

369 2716 444 2771 certe
456 2730 539 2770 causa
550 2718 666 2771 nonest
683 2733 732 2771 cur
749 2714 917 2777 dubitemus
936 2714 970 2771 de
988 2714 1064 2786 diple
1082 2713 1170 2770 tradit
1186 2714 1240 2769 hcc
1258 2713 1365 2770 dudum
1381 2713 1437 2770 dici
1454 2713 1536 2769 debe·

368 2800 418 2855 bat
433 2798 637 2870 ineptissimum
654 2816 729 2855 esse.¹
747 2798 866 2870 „Diplen
885 2798 1067 2871 aperiaticton
1084 2798 1189 2870 primus
1201 2798 1338 2869 Leogoras
1349 2798 1538 2870 Syracusanus

367 2883 499 2956 apposuit
509 2884 662 2942 Homericis
673 2884 797 2940 versibus
808 2884 845 2938 ad
859 2883 1063 2955 separationem
1075 2883 1186 2955 Olympi
1199 2883 1310 2948 acaelo,
1321 2885 1434 2956 proprie
1446 2883 1538 2953 Olym·

367 2987 436 3041 pum
452 2969 489 3024 ab
507 2986 539 3025 eo
557 2973 715 3041 promente
731 2969 855 3042 positum
871 2969 1017 3034 adnotans,
1034 2985 1172 3038 nusquam
1189 2985 1240 3040 pro
1258 2967 1342 3037 caelo,
1359 2969 1436 3039 quod
1452 2984 1536 3039 saepe

368 3050 496 3125 οὐρανὸν
513 3046 600 3125 εὐρύν
617 3053 694 3110 dicat
705 3057 734 3110 et
750 3054 866 3125 μακρὸν
877 3046 1034 3123 Ὄλυμπον,
1051 3070 1143 3124 neque
1155 3070 1171 3109 e
1183 3052 1323 3109 contrario
1335 3053 1461 3125 epitheta
1477 3069 1538 3125 per·

368 3139 466 3194 mutet.
476 3138 601 3209 ponebat
609 3141 703 3195 autern
712 3141 772 3194 tam
781 3139 818 3195 ad
827 3138 930 3196 montis
939 3138 1154 3210 significationes
1163 3154 1249 3209 quam
1257 3137 1294 3192 ad
1303 3136 1385 3194 caeli:
1396 3137 1539 3208 utrimque

368 3220 563 3278 manifestatur
573 3222 703 3279 voluntas
715 3222 781 3279 eius.
800 3242 865 3280 usus
876 3227 919 3280 cst
930 3240 964 3280 ea
975 3222 1005 3279 in
1017 3223 1112 3280 multis
1123 3222 1307 3288 Aristarchus,
1324 3240 1399 3278 nunc
1415 3239 1449 3277 ea
1465 3239 1539 3292 qnae

367 3309 480 3378 praeter
501 3308 729 3365 consuetudinem
750 3311 810 3364 tam
831 3306 907 3364 vitae
924 3312 1036 3365 nostrae
1054 3325 1139 3378 quam
1155 3307 1242 3380 ipsius
1261 3310 1363 3378 poetae
1379 3306 1457 3378 apud
1474 3323 1538 3362 eum

367 3391 561 3448 invenirentur
576 3393 721 3460 adnotans,
739 3411 814 3449 nunc
831 3391 959 3464 proprias
979 3392 1066 3464 ipsius
1084 3392 1203 3463 figuras,
1219 3391 1361 3448 interdum
1380 3409 1414 3447 ea
1430 3391 1461 3446 in
1477 3391 1537 3461 qui·

367 3478 420 3533 bus
431 3476 558 3547 copiosus
570 3480 619 3543 cst,
637 3495 729 3534 rursus
740 3495 813 3548 quae
830 3478 916 3534 semel
932 3476 1009 3549 apud
1025 3476 1104 3532 illum
1121 3480 1315 3549 ponerentur&
1344 3475 1536 3531 Aristarchum

368 3562 471 3635 diplom
489 3563 512 3619 si
528 3562 585 3619 iam
605 3565 671 3619 ante
689 3561 790 3632 aliquis
808 3562 867 3618 eius
884 3580 948 3618 usus
966 3565 1041 3627 erat,
1058 3560 1096 3615 ad
1113 3561 1202 3618 multo
1219 3561 1301 3632 plura
1317 3559 1487 3628 adhibuisse,
1505 3564 1539 3616 ut

367 3646 448 3718 plura
468 3647 612 3718 multoque
633 3648 715 3719 plura
736 3646 891 3703 attenderit
907 3651 937 3703 et
954 3645 1154 3713 observaverit,
1176 3645 1206 3702 id
1230 3648 1337 3702 certum
1359 3650 1389 3701 et
1405 3646 1537 3701 sciremus

302 3745 351 3798 aas
368 3732 428 3789 sine
439 3732 496 3789 illo.
523 3731 618 3789 Fuisse
628 3731 686 3787 iam
697 3735 840 3789 antaeum
851 3732 974 3802 aliquem
991 3731 1081 3802 diples
1097 3748 1178 3786 usum
1194 3730 1225 3786 id
1242 3734 1336 3802 potest
1352 3747 1449 3786 verum
1466 3747 1537 3786 esse:

366 3817 415 3873 sed
427 3817 468 3872 illi
479 3816 641 3874 testimonio
652 3816 730 3872 nulla
743 3817 820 3873 fides
848 3816 943 3873 Fuisse
954 3816 1079 3888 aliquam
1097 3820 1162 3873 ante
1175 3814 1366 3872 Aristarchum
1383 3813 1537 3872 sditionem

366 3902 550 3970 Homericam,
567 3902 727 3971 etquidem
744 3901 801 3957 iam
819 3901 895 3973 diple
913 3919 1002 3967 usam,
1021 3900 1112 3971 ignoti
1129 3900 1274 3957 cuiusdam
1291 3899 1441 3970 Leogorae,
1460 3899 1538 3956 cuius

367 3984 497 4042 editionis
509 3985 618 4041 nullum
631 3990 778 4058 praeterea
789 3985 946 4057 vestigium,
964 3989 1039 4042 certe
1056 4002 1113 4041 non
1130 3985 1282 4041 admodum
1298 3984 1453 4056 probabile.
1481 3984 1537 4040 Sed

366 4074 434 4127 esto
464 4070 531 4137 ouis
542 4070 734 4128 credattalem
752 4070 912 4136 editionem,
930 4070 961 4126 in
977 4088 1034 4141 qua
1051 4070 1127 4142 diple
1144 4069 1201 4124 iam
1218 4069 1348 4141 apposita
1364 4069 1469 4135 fuisset,
1486 4069 1537 4125 sed

366 4156 404 4211 ad
425 4156 513 4212 solam
535 4154 744 4213 distinctionem
766 4154 836 4211 caeli
857 4159 887 4211 et
903 4154 1036 4227 Olympi?
1065 4159 1095 4211 et
1116 4155 1186 4210 haec
1204 4154 1347 4211 distinctm
1363 4155 1483 4227 probata
1500 4171 1534 4210 ex

366 4238 431 4296 solia
447 4239 594 4297 adiectivis
612 4237 696 4311 εὐρύς
713 4243 742 4296 et
760 4231 893 4312 auspic?
921 4240 979 4296 hnc
996 4256 1062 4295 vero
1080 4238 1126 4295 hic
1143 4239 1277 4295 habemus
1295 4240 1483 4296 contusionem
1500 4256 1534 4295 eo

367 4322 488 4394 dignam,
507 4324 556 4396 qui
573 4323 648 4381 obeli
664 4342 745 4421 usum
761 4324 798 4379 ab
817 4323 906 4381 obolis
921 4322 1060 4380 Pisistrati
1077 4324 1156 4381 ducit
1172 4322 1219 4394 (ib.
1238 4343 1265 4395 p.
1279 4328 1346 4393 lea)
1374 4322 1426 4378 llla
1444 4323 1533 4379 ohser-

366 4408 444 4466 vatio
455 4409 491 4468 de
503 4409 587 4481 stede
603 4411 634 4468 et
648 4403 761 4481 μακρός
776 4426 834 4467 non
845 4409 988 4481 Lcogoraa
1005 4413 1047 4466 est
1062 4406 1310 4477 sedAristarchea,
1327 4413 1459 4479 utsupra
1476 4423 1534 4463 una
