3425 4934
667 310 688 360 t.
711 304 753 360 De
770 305 940 361 accentibus.
1322 310 1383 372 287

215 474 265 540 At
280 478 330 540 22.
352 470 468 537 Aesch.
483 463 666 554 (κριοβύλος
679 472 742 539 vid.
759 472 822 558 leg.
839 493 899 556 pro
913 463 1075 555 apendice
1088 470 1202 535 Aroad.
1218 491 1249 553 p.
1265 475 1313 547 56,
1332 477 1381 535 11;
1399 473 1445 526 291

216 602 280 665 quo
308 579 380 644 loco
406 577 502 643 simul
528 600 635 663 propr.
659 572 841 661 Κρωβύλος
867 577 1047 644 confirmari
1068 577 1208 655 videtum
1235 575 1274 640 ci.
1293 574 1382 642 Suid.

215 684 394 770 Κρωβύλος
407 683 520 769 κύριον
530 681 586 750 καὶ
597 674 687 762 εἶδος
695 682 890 772 ἐμπλοκῆς).
908 676 1077 769 Ἡγεγιόνα
1085 685 1206 751 Ααιλοο.
1214 687 1306 769 myst.
1316 690 1382 751 122.

210 786 395 878 Ἡγεμόνος
414 793 541 859 Arrian.
563 802 592 873 5,
615 800 662 873 19,
683 800 712 873 5,
731 794 808 860 item
830 792 923 858 Dem.
946 815 1010 859 cor.
1029 798 1070 862 84
1087 786 1271 875 Ἡγεμόνος
1292 791 1382 858 codd.

213 924 279 971 sex.
320 901 448 986 Duplex
479 902 541 967 fnit
572 923 705 981 nomen,
739 923 804 968 uon
837 900 943 967 solum
968 905 1005 966 ut
1030 900 1163 986 quidam
1188 902 1383 984 putaverunt

210 1004 369 1094 Ἡγήμων
390 1011 441 1091 (ut
454 1007 666 1075 Schoemann.
688 1009 729 1073 ad
743 1007 870 1074 Isaeum
890 1031 920 1094 p.
937 1010 1019 1091 328),
1037 1008 1094 1077 sed
1114 1000 1383 1090 ε1ἰαατἩγεμών,

107 1104 110 1111 ¹
213 1138 240 1183 v.
261 1116 345 1183 Keil.
366 1115 447 1181 anal.
469 1139 500 1201 p.
524 1120 591 1183 153.
630 1108 765 1189 λέιμιύν
786 1114 881 1184 Paus.
903 1114 950 1183 VI
971 1123 1000 1193 9,
1022 1119 1052 1182 3.
1096 1108 1278 1198 cappanis
1298 1114 1383 1179 Har-

212 1246 299 1310 pocr.
321 1215 437 1310 Σιοτήρ
460 1223 637 1308 episcopus,
658 1223 776 1293 Euseb.
790 1222 837 1288 IV
862 1229 908 1292 19.
930 1228 979 1290 22.
1001 1227 1050 1291 30.
1084 1214 1206 1308 Ἀστήρ
1228 1221 1382 1287 Herodot

212 1332 313 1401 Voti.
351 1329 447 1397 Phot
472 1336 530 1399 149
553 1352 573 1394 a
594 1338 623 1397 4.
663 1329 755 1396 Eust
777 1335 852 1410 328,
874 1339 923 1399 40.
958 1328 1026 1396 lam
1048 1331 1127 1395 satis
1149 1334 1207 1411 est,
1225 1329 1382 1395 librorum

212 1427 350 1504 ludibria
370 1460 481 1503 sumus
503 1478 543 1488 —
565 1437 675 1503 autin
697 1437 747 1502 his
770 1441 827 1504 aut
846 1436 882 1502 in
903 1437 1116 1503 Herodieneis
1136 1437 1267 1503 Arcadii
1288 1459 1320 1521 p.
1344 1443 1381 1504 19

210 1543 253 1611 τὰ
267 1539 367 1633 εἷςνγρ
385 1537 534 1625 ὀξύνεται
555 1542 612 1609 καλ
631 1540 820 1629 βαρύνεται.
855 1541 912 1610 καὶ
934 1537 1084 1626 ὀξύνεται
1103 1541 1164 1628 μὲν
1186 1539 1280 1609 ἁπλᾶ
1303 1537 1382 1609 ὅντα

206 1643 383 1737 αἰρσενικύ·
404 1643 424 1716 ὁ
440 1648 477 1716 δὲ
491 1645 591 1736 λόγος
603 1655 663 1719 τοῦ
675 1674 695 1716 τ
708 1647 941 1739 προαγομένου
955 1656 1014 1718 τοῦ
1030 1676 1062 1739 ιγ,
1085 1646 1223 1739 οτατήρ,
1246 1644 1379 1737 ἕλατήρ,

209 1754 383 1847 sapaudo,
407 1752 575 1847 ἕξαοστήρ.
610 1750 749 1846 ἔξαύτηρ
774 1756 811 1825 di
832 1752 948 1842 κύριον
968 1758 1013 1838 ὡς
1032 1758 1070 1826 τὸ
1094 1753 1223 1847 ἀμύτηρ
1246 1757 1301 1824 καὶ
1323 1751 1382 1823 dv-

210 1891 284 1955 τηρ,
315 1865 380 1933 καλ
405 1860 527 1954 ἰύοτνγρ
554 1861 704 1951 κύριον.
747 1867 839 1934 Eust.
868 1874 960 1949 1967,
980 1874 1020 1937 20
1048 1870 1100 1950 (ex
1125 1866 1322 1953 Philopouo‚
1347 1868 1382 1931 ni

210 1976 316 2060 fallor)
344 1976 384 2042 de
409 1976 541 2042 nomine
566 1974 656 2042 urbis
685 1980 927 2043 commemorat:
961 1973 1018 2040 καὶ
1036 1968 1159 2063 ’Άοιηρ
1184 1972 1244 2058 μὲν
1270 1975 1379 2052 πόλις,

210 2076 314 2169 ἀστήρ
338 2079 375 2148 di
397 2075 415 2148 ὁ
437 2075 506 2148 κατ’
531 2075 681 2167 οὐρανόν.
729 2083 793 2149 Sed
819 2082 902 2149 illud
929 2082 1170 2150 Herodianeum
1196 2078 1253 2147 καὶ
1280 2076 1380 2169 ἶνότηρ

208 2184 323 2276 κύριον
337 2190 399 2257 sibi
412 2191 571 2257 incertum
579 2191 680 2257 videri
694 2192 764 2257 iure
777 2190 932 2257 indicavit
945 2191 1139 2265 novissimus
1154 2190 1267 2272 editor,
1281 2190 1382 2275 scrip·

209 2300 316 2382 sitque
344 2298 453 2383 potius
479 2321 562 2385 quae
588 2299 698 2384 paucis
723 2299 903 2379 interiectis
939 2300 1084 2364 versibus
1117 2302 1297 2383 sequuntur
1322 2297 1381 2363 sic:

209 2401 249 2468 τὰ
265 2397 313 2480 εἷς
325 2427 365 2490 ηρ
381 2401 501 2469 iduati
516 2398 540 2492 ἢ
553 2401 651 2492 κύρια
664 2402 710 2492 μὴ
727 2399 996 2488 αονιμιιίνιτοντα
1009 2408 1267 2492 προοηγορικοῖς
1279 2399 1381 2488 βαρύ-

209 2530 333 2591 νονται,
346 2504 452 2598 '‘lopp,
472 2504 620 2600 Ἀνίβηρ,
641 2506 768 2600 Δόβηρ,
791 2509 893 2600 Πίηρ.
927 2510 965 2579 τὸ
987 2508 1102 2596 μέντοι
1120 2502 1283 2598 Ἕλενθήρ
1306 2503 1382 2590 ὀξύ-

209 2641 311 2699 νεται,
334 2610 380 2696 ὥς
392 2616 430 2685 τὸ
442 2612 575 2708 Ἀατήρ.
609 2618 739 2688 Scilicet
758 2622 987 2709 cogitabimus:
1007 2620 1233 2711 οονεμνιῖνιαον
1254 2639 1389 2705 accep·

208 2729 344 2813 γορικῴ.
380 2726 474 2807 Quod
488 2727 530 2793 ad
547 2726 672 2814 reliqua
691 2728 757 2794 illic
779 2723 1004 2815 αἰνιγματώδη
1026 2728 1151 2809 attinet
1171 2727 1256 2792 idem
1277 2727 1381 2792 editor

206 2836 336 2902 monuit
363 2835 402 2901 de
426 2835 497 2901 loco
519 2836 737 2927 Choerobosci
763 2835 909 2923 orthogr.
931 2837 1033 2902 Crem.
1055 2832 1086 2899 II
1107 2857 1138 2920 p.
1159 2839 1233 2913 250,
1258 2834 1292 2898 in
1314 2855 1380 2918 quo

207 2941 385 3009 Herodiani
412 2943 548 3029 vestigia
573 2943 665 3010 facile
694 2943 915 3032 agnoscimus:
946 2937 1050 3028 Πύρρε
1077 2964 1099 3005 ν.
1125 2938 1167 3007 τὰ
1188 2939 1251 3026 γὰρ
1273 2933 1321 3018 εἷς
1340 2964 1380 3027 ηρ

206 3046 374 3139 βαρύτονα
394 3045 443 3117 ἑνὶ
461 3043 627 3138 φωνήεντι
647 3048 791 3118 θέλοντι
811 3044 1090 3137 παραλήγεοθαι,
1112 3045 1203 3137 πλὴν
1223 3051 1283 3114 τοῦ
1306 3042 1381 3128 ἐξύ-

206 3180 302 3244 πτηρ.
337 3152 406 3245 Ιἔστι
429 3153 466 3223 δὲ
487 3149 594 3241 ὄνομα
616 3150 730 3244 κύριον
751 3156 808 3225 καὶ
828 3151 1021 3242 βαρύνεται·
1046 3149 1148 3242 ἡνίκα
1169 3151 1206 3220 δὲ
1227 3151 1379 3244 σημαίνει

205 3262 284 3341 τοὺς
304 3256 456 3348 ὀγκίνοι·ς
476 3256 635 3345 ὀξύνεται.
670 3265 805 3353 Scripsit
825 3266 894 3352 ipse
917 3257 1069 3351 ἐξαύτηρε
1091 3287 1165 3330 nam
1186 3265 1227 3331 ad
1250 3264 1381 3350 opposi-

207 3371 331 3436 tionem
347 3363 420 3449 ἑνὸς
433 3365 623 3462 φωνήεντος
638 3374 859 3461 diphthongus
873 3374 1056 3459 requiritur.
1084 3372 1138 3439 Sic
1156 3393 1222 3437 non
1236 3372 1381 3437 videmur

209 3478 349 3565 effugere
363 3502 468 3565 posse,
490 3481 571 3565 quin
584 3485 617 3546 et
630 3481 767 3547 formem
782 3481 851 3546 sine
872 3502 901 3560 ο,
923 3502 1006 3566 quae
1020 3480 1232 3546 Lobeckianis
1250 3481 1381 3545 accedet

209 3587 250 3650 ed
271 3587 322 3653 Ai.
342 3610 372 3672 p.
394 3593 469 3671 358,
495 3591 647 3655 1εε1ι1οω
673 3594 824 3674 putemus
851 3588 930 3670 (imo
958 3588 1096 3653 fortusse
1117 3610 1188 3653 eam
1211 3588 1316 3673 ipsam
1345 3588 1378 3651 in

209 3692 369 3779 Aeschylo
396 3694 506 3779 potius
532 3694 631 3761 fuisse
658 3694 862 3780 opinabimur
886 3695 923 3759 fr.
946 3703 1007 3763 429
1035 3718 1132 3780 quam
1159 3694 1324 3779 vulgarem
1344 3694 1378 3758 in

208 3797 435 3887 Etymologico
454 3800 503 3867 illi
523 3803 701 3886 tributam),
723 3806 756 3867 et
776 3806 930 3868 testatum
952 3804 993 3870 sb
1015 3802 1069 3868 illa
1090 3807 1224 3868 accentu
1247 3802 1379 3867 distinc-

208 3910 278 3972 tum
302 3910 467 3993 proprium
485 3903 653 3995 Ἐξαύτηρ,
681 3910 771 3976 οαὶαε
797 3913 830 3975 et
855 3910 1073 3975 nominativus
1100 3909 1254 3975 mirabilis
1277 3912 1326 3974 est
1347 3913 1381 3973 et

208 4013 386 4105 mimbilior
411 4015 471 4081 crit
492 4017 662 4102 genitivus.

289 4230 310 4310 ξ
333 4236 378 4296 14.
415 4228 488 4295 Duo
511 4235 587 4297 sunt
600 4229 777 4297 Aristarchi
797 4230 980 4319 fragments
1001 4252 1083 4316 quae
1106 4252 1165 4297 nos
1187 4233 1228 4297 sd
1249 4232 1377 4298 urbium

205 4336 339 4403 uomina
360 4334 489 4403 ducunt.
529 4337 593 4404 Sed
615 4339 654 4403 de
674 4337 726 4403 his
746 4360 832 4405 nunc
852 4361 919 4405 non
941 4339 1067 4405 enimus
1088 4341 1139 4403 est
1160 4339 1269 4403 omnia
1290 4362 1377 4405 com·
