3425 4934
574 316 598 365 3.
627 305 708 379 θμοις
725 300 833 382 (ὁμῶς).
864 298 949 366 ὥστε.
1287 316 1345 378 157

177 497 250 540 curn
278 476 320 540 ad
345 498 461 553 novam
487 478 583 543 istam
611 481 737 562 partem
757 480 933 545 canendam
954 478 1103 558 fenebri,
1131 475 1187 541 illa
1207 475 1346 541 formula

176 584 268 667 opica
292 576 378 647 ἔνθα
399 622 455 661 -‚
481 607 544 668 qua
575 585 685 669 aliquo
713 591 877 652 momento
908 586 986 671 quid
1012 586 1077 650 iam
1102 583 1223 649 factum
1247 583 1345 649 fuerit

176 690 228 755 vel
247 690 398 757 inciderit
418 692 528 776 epicus
554 716 659 760 sermo
682 694 863 781 significare
885 693 1023 773 solebat,
1045 693 1166 777 etipse
1187 690 1343 756 hocloco

176 820 254 863 usus
285 802 345 878 est,
378 801 558 881 commode,
589 802 660 882 sed,
691 806 729 868 ut
754 802 855 868 videri
876 804 1016 886 poterat,
1041 798 1139 885 paulo
1166 798 1342 883 abruptius.

175 905 258 976 Eam
283 906 325 971 ob
353 929 482 973 causam
509 914 623 993 postes
650 909 842 994 quibusdam
867 909 1059 975 videbantur
1084 907 1211 991 aliquot
1234 926 1344 972 versus

177 1014 218 1078 ad
243 1015 415 1081 transitum
438 1015 552 1083 >deesse
579 1021 612 1083 et
637 1018 846 1085 insinuabant
867 1039 915 1096 se,
941 1022 979 1082 ut
998 1036 1093 1100 saepe
1114 1014 1234 1080 factum
1254 1014 1344 1080 vide-

176 1143 262 1201 mus,
286 1122 396 1206 inepti
439 1122 492 1191 Sic
519 1125 599 1191 duos
621 1125 764 1211 reliquos
785 1126 941 1191 habemus
961 1123 1065 1203 locos,
1091 1146 1109 1185 ν
1129 1130 1189 1191 405
1207 1125 1242 1187 et
1264 1144 1283 1186 ο
1304 1126 1344 1188 39

177 1222 216 1304 ὃς
235 1249 289 1293 τοι
309 1223 377 1293 ὑῶν
398 1225 565 1315 ἐπίουρος,
587 1227 678 1314 ὅμως
698 1229 810 1298 (λάτοι
830 1224 918 1317 ήπια
941 1221 1040 1309 οἶδεν,
1062 1234 1096 1295 et
1116 1233 1161 1293 M
1179 1234 1238 1299 393

258 1331 473 1423 Σαρπήδοντι
491 1332 523 1403 δ’
546 1332 626 1419 άχος
646 1336 768 1423 γένετο,
792 1333 945 1405 Γλαύκου
963 1330 1132 1415 ἀπιόντος,

260 1436 364 1509 αὐτίκ’
387 1439 464 1510 ἐπεί
482 1439 514 1510 τ’
530 1440 678 1533 ένόήσσν·
700 1443 791 1530 ὅμως
812 1440 845 1512 δ’
870 1439 907 1513 οὗ
930 1438 1057 1531 λήθστο
1074 1439 1214 1531 χάρμήςε

179 1574 316 1636 quorum
336 1553 443 1633 illum,
471 1556 505 1620 in
528 1577 593 1639 quo
615 1549 706 1637 ὁμῶς
726 1578 837 1622 sanam
864 1555 1110 1641 explicationem
1131 1552 1253 1618 nullam
1273 1552 1344 1630 fert,

177 1660 219 1724 ab
248 1659 342 1726 initio
369 1656 459 1743 ὅμως
486 1685 553 1728 non
572 1663 724 1731 habuisse
746 1686 889 1746 censeas,
917 1664 973 1730 sed
994 1662 1083 1728 aliud
1105 1661 1189 1746 quid,
1210 1660 1346 1726 fortasse

179 1759 197 1831 ὁ
226 1760 256 1830 d'
282 1760 354 1833 οὐδ’
379 1756 424 1846 ὦς
443 1763 570 1855 λήθετο
598 1764 739 1858 χάρμης,
762 1772 797 1837 in
818 1772 880 1837 hoc
907 1765 997 1852 ὁμῶς
1018 1790 1104 1835 nunc
1123 1769 1268 1834 adhibito
1290 1767 1346 1833 illo

177 1871 268 1939 νυκτὶ
289 1868 321 1940 d'
345 1869 435 1958 ὁμῶς
461 1873 591 1943 πλείειν
617 1903 635 1945 ο
663 1886 702 1948 34
728 1879 936 1946 commodes
961 1876 1128 1945 Nitzsehio
1155 1875 1348 1961 explicatum

178 1986 273 2066 puto,
303 1985 551 2073 „ebenmiissifft
579 1992 616 2053 ut
641 1992 737 2054 antea
765 1990 852 2071 (nam
883 2008 960 2053 sane
988 1986 1033 2052 sic
1061 1984 1172 2070 potius
1198 1982 1348 2048 verterim

179 2112 276 2173 quam
296 2092 498 2177 „immerfort
519 2095 742 2180 ebeuaofort‘).
1324 2160 1329 2171 .

261 2198 331 2277 Hae
357 2201 408 2266 via
434 2203 639 2281 observandi,
667 2224 764 2288 quam
788 2202 924 2268 feliciter
949 2223 1093 2267 summus
1120 2198 1347 2285 grammaticus

86 2392 91 2407 ι
179 2307 322 2390 praeivit,
344 2313 378 2375 et
397 2309 493 2376 hodie
514 2311 768 2398 progrediamur.
796 2308 1005 2376 Thierschius
1025 2309 1060 2373 in
1079 2308 1152 2374 Act.
1167 2306 1245 2392 phil
1258 2305 1346 2372 Mon.

178 2413 235 2481 13
264 2437 295 2499 p.
317 2420 378 2485 310
403 2420 436 2484 et
463 2418 498 2483 in
528 2419 603 2485 diss.
631 2419 670 2485 de
695 2441 791 2485 earm.
813 2417 890 2484 Hes.
918 2419 952 2482 in
978 2417 1112 2483 Memor.
1138 2415 1237 2483 Acad.
1259 2413 1347 2481 Mon.

182 2527 258 2590 1811
274 2544 306 2606 p.
326 2528 362 2591 13
384 2525 566 2593 observavit
586 2550 605 2592 a
625 2528 725 2593 veteri
745 2527 860 2612 lingua
881 2526 1045 2610 epicorum
1058 2540 1153 2590 usum
1173 2522 1348 2608 particulae

180 2625 279 2693 ὥστε
299 2652 358 2715 pro
379 2632 443 2712 „ita
457 2636 510 2698 ut“
529 2632 671 2700 alienum
692 2656 772 2718 esse,
792 2634 889 2700 modo
911 2655 952 2700 ne
973 2631 1063 2699 locos
1078 2630 1268 2697 Homericos
1290 2629 1348 2694 ali·

178 2738 229 2802 ter
249 2738 419 2805 suadentes
439 2741 665 2825 praeteriisset
694 2743 716 2805 I
733 2747 773 2810 42
795 2734 826 2806 εἰ
847 2736 886 2805 δέ
904 2763 959 2805 τοι
980 2732 1069 2825 αὐτῷ
1083 2734 1195 2821 θυμὸς
1207 2733 1348 2802 ἐπέσσυ-

178 2865 236 2907 ται
263 2840 346 2910 ιῖλστο
377 2841 526 2915 νέεσθαι.
579 2872 597 2934 ρ
625 2855 664 2917 21
697 2841 735 2914 od
765 2846 828 2935 μὰρ
857 2844 917 2913 ἐπὶ
945 2849 1130 2930 σταθμοῖσι
1156 2839 1268 2929 μένειν
1298 2837 1347 2909 ἔτι
1366 2849 1414 2901 158

178 2946 313 3036 τηλίκος
336 2946 419 3036 εἰμι’,
450 2947 524 3019 ὥστ’
547 2951 789 3044 ἐπιτειλαμένῳ
815 2949 999 3042 σημάντορι
1025 2948 1137 3018 πάντα
1164 2948 1348 3017 πιθέσθαι.

180 3059 292 3127 Priore
315 3061 390 3127 loco
419 3085 516 3147 quam
541 3068 657 3150 sponte
679 3086 713 3131 se
733 3066 887 3152 praebeat
906 3066 1037 3149 poetam
1059 3061 1184 3127 dedisse
1206 3053 1348 3126 ἀπονέε-

182 3170 268 3233 σθαι
293 3171 514 3256 unusquisque
536 3173 632 3238 videt.
674 3173 767 3240 Alter
792 3174 906 3239 abesse
927 3171 1082 3258 potest⁹⁵‚
1104 3174 1138 3236 et
1157 3169 1265 3236 nullus
1285 3168 1349 3234 fuit

181 3280 241 3342 aut
264 3277 359 3344 alius:
388 3300 415 3345 e.
439 3300 471 3365 g.
494 3271 566 3344 οὐδ)
590 3276 840 3368 ἐπιτειλαμένῳ,
861 3317 903 3329 -
927 3278 1057 3346 Tertius
1080 3300 1191 3344 versus
1217 3279 1252 3343 in
1273 3299 1347 3343 cen·

182 3406 254 3450 sum
275 3385 362 3451 venit
383 3405 403 3468 y
422 3391 484 3455 246
770 3398 773 3403 ’
1122 3381 1126 3389 ’

263 3489 332 3578 τρὶς
350 3488 413 3578 γὰρ
437 3488 478 3579 δή
499 3488 557 3576 μέν
579 3514 682 3582 φασιν
701 3487 893 3576 ἀνάξασθαι
913 3487 994 3579 γένε’
1018 3487 1162 3577 ἀνδρῶν·

264 3596 348 3666 ὥστε
368 3623 430 3684 μοι
451 3593 625 3679 ἀθάνατος
645 3595 837 3669 ἰνδάλλεται
857 3594 1093 3689 εἰσοράασθαι.

182 3708 248 3778 Sed
272 3709 357 3776 hunc
382 3732 510 3776 versum
535 3716 621 3778 recte
647 3734 705 3797 pro
728 3711 961 3778 exclamatione
981 3709 1101 3777 habere
1121 3708 1209 3789 licet,
1238 3728 1349 3792 quam·

183 3839 280 3901 quam
309 3819 375 3883 tres
402 3840 527 3899 versus,
554 3821 671 3904 quibus
697 3820 751 3885 hic
776 3820 972 3899 continebit,
1000 3818 1072 3883 aliis
1101 3818 1140 3883 de
1166 3816 1269 3884 causis
1291 3837 1349 3900 pro

183 3926 299 4010 spuriis
320 3925 431 3992 habiti
471 3922 571 4006 ὥστε,
596 3931 634 3993 ut
654 3927 721 4006 hia,
747 3928 788 3993 ab
809 3927 903 3992 initio
925 3948 1035 3992 versus
1057 3918 1242 4001 άσονδέτως
1262 3923 1349 4009 posi·

182 4037 252 4099 tum
272 4034 416 4101 invenies
438 4059 460 4099 α
481 4042 552 4105 227.
582 4034 601 4114 ζ
623 4040 691 4104 122.
720 4035 759 4100 ci
774 4033 794 4098 d
809 4042 857 4103 45.
886 4038 970 4120 η84.
1004 4033 1054 4100 De
1069 4032 1212 4099 Hesiodo
1233 4032 1267 4096 in
1281 4035 1431 4107 samoe)

182 4143 292 4226 paucis
317 4141 462 4226 reliquiis
486 4143 569 4209 nihil
595 4144 673 4210 certi
694 4144 729 4207 in
750 4141 908 4207 eiusmodi
928 4142 1024 4207 rebus
1046 4144 1187 4206 statuere
1208 4138 1292 4218 lieet,
1314 4140 1351 4202 ut

249 4381 276 4422 ⁹⁵
293 4377 335 4433 Cf.
353 4373 419 4433 cua
437 4374 535 4435 οὐκέτι
551 4379 667 4449 τηλίκος
686 4372 767 4434 ἐστίν
783 4394 800 4433 τ
817 4380 858 4435 88.
877 4395 896 4431 α
912 4380 973 4435 297.
