3425 4934
591 325 613 375 1.
637 319 679 376 Da
695 319 948 393 intcraspiratione.
1293 322 1352 385 315

184 508 244 552 nos
276 486 317 557 ad
342 487 523 574 fragmenta
550 488 724 559 Prosodiae
749 488 865 559 Iliacae
891 489 923 556 in
946 489 981 572 l.)
1010 488 1058 575 πῇ
1087 480 1148 567 μὲν
1174 482 1351 573 calcinea

185 594 234 683 πῇ
249 588 285 659 δὲ
301 587 493 677 δασάνομεν,
516 591 625 663 καὶτὸ
647 589 809 680 ιῦράαλος
829 590 999 681 ἀγχίαλος·
1021 586 1061 660 cti
1083 615 1118 678 ys
1138 589 1205 679 μὴν
1226 585 1356 678 ἀληθές

186 701 264 784 (imo
293 703 468 788 requiritur
498 699 671 790 διηνεκές)·
707 698 832 791 εὑρέθη
859 701 921 789 γὰρ
948 700 986 769 τὸ
1007 694 1189 784 Πάνορμος
1215 691 1355 765 δασυνό-

183 831 292 892 μενον,
315 806 374 875 καὶ
384 800 562 898 Ἔφιππος
582 805 601 877 ὁ
623 806 780 896 κωμικός.
815 812 866 879 De
884 803 1067 892 Πάνὸρμος
1086 807 1280 876 admonendi
1302 830 1356 874 oc·

185 919 347 985 canonem
369 918 525 986 dederunt
546 914 679 1001 λιμένες
697 942 733 985 ιι
754 912 925 1003 πάνορμοι
946 941 964 982 ν
988 917 1112 986 195331.

267 1025 318 1091 Er
337 1024 517 1093 Ptolemaei
536 1026 778 1114 Herodianique
798 1029 969 1115 praecepto
993 1025 1231 1093 diiudicandum
1252 1025 1438 1097 seh01.(³³³)

185 1132 299 1203 Ε333
333 1136 442 1211 κακῶς
472 1128 550 1199 ὅσοι
578 1129 757 1203 δασύνουσι
783 1132 823 1202 τὸ
849 1160 869 1202 v
895 1137 955 1201 τοῦ
979 1126 1096 1198 Ἐνῦά·
1127 1126 1265 1216 άμεινον
1294 1130 1356 1219 γὰρ

185 1239 324 1330 palcis·
360 1233 617 1311 ἀναπέπλασται
648 1240 711 1327 μὰρ
726 1290 729 1296 ,
746 1239 914 1329 πολεμικὴ
941 1238 1037 1321 θεός,
1070 1228 1113 1327 ἧς
1143 1234 1176 1305 oi
1203 1234 1357 1324 νεώτεροι

186 1346 325 1437 normal
353 1342 426 1414 οἷὸν
451 1337 539 1414 εἶναι’
566 1372 651 1439 φασι
669 1348 728 1417 τὸν
743 1343 866 1434 Ἄρεα,
895 1346 1032 1417 anidani
1056 1351 1154 1415 τοῦτο
1176 1346 1358 1413 καλεῖσθαι

184 1450 355 1523 Ἐνυάλιον
374 1460 641 1544 μητριονσμικῶς.
673 1459 719 1529 cl
734 1464 769 1527 et
786 1459 923 1527 alterum
945 1458 1045 1526 schol
1066 1457 1110 1524 ib.
1125 1494 1163 1507 -
1179 1456 1251 1522 Hoc
1273 1455 1358 1535 dicit,

188 1587 340 1651 apparere
357 1556 458 1630 Ἐνυώ
473 1559 576 1633 Deam
591 1588 661 1633 esse
682 1565 846 1634 bellicam:
867 1564 1061 1633 vocabulum
1074 1565 1176 1651 igitur
1192 1563 1359 1649 proprium

189 1694 258 1738 esse
279 1694 338 1740 nec
359 1673 393 1738 in
414 1674 522 1740 medio
543 1674 757 1760 aspirandum
798 1673 947 1740 Fuenrnt
967 1694 1045 1759 ergo
1067 1673 1123 1757 qni
1146 1675 1275 1757 etymon
1296 1670 1358 1735 fin·

189 1783 302 1847 xerant
318 1781 415 1847 huius
431 1782 581 1849 vocabuli
594 1782 667 1862 tale,
689 1805 728 1849 ex
750 1804 814 1867 quo
833 1780 975 1849 secunda
988 1780 1110 1866 syllaba
1130 1779 1358 1863 aspirationem

190 1888 378 1974 requireret:
393 1911 420 1955 e.
429 1910 460 1975 g.
470 1882 493 1975 ἦ
505 1883 627 1955 tricina
641 1881 763 1971 θυμόν,
777 1889 842 1957 sch.
856 1887 881 1955 L
894 1890 924 1952 Ε
932 1894 1001 1957 592.
1016 1887 1220 1954 Cornutnat.
1229 1885 1268 1951 D.
1278 1891 1359 1953 cll.

272 2090 291 2174 ἕ
313 2097 340 2158 4.
385 2088 540 2156 Veterum
560 2090 844 2176 grammaticorum
871 2110 994 2155 morem
1022 2088 1170 2173 spiritum
1191 2085 1226 2150 in
1247 2084 1360 2151 mediis

190 2219 320 2284 qnoque
346 2197 513 2264 vocabulis
540 2198 695 2284 ponendi,
729 2198 784 2282 qui
811 2201 897 2263 certe
920 2197 955 2261 in
981 2194 1232 2261 accuratioribus
1261 2193 1361 2259 valuit

190 2305 433 2391 exemplaribus,
453 2306 556 2372 nostri
578 2327 707 2392 quoqne
729 2304 855 2371 codices
876 2303 930 2369 hic
950 2302 1017 2368 illic
1037 2302 1247 2367 retinuerunt
1281 2298 1360 2367 Sae-
1377 2306 1426 2356 32⁰

189 2412 263 2498 pius
285 2411 406 2481 factam
428 2436 497 2480 esse
519 2414 554 2479 in
576 2412 685 2478 codice
699 2411 835 2478 Homeri
849 2410 985 2489 Veneto,
1007 2408 1188 2477 observavit
1201 2407 1362 2474 Villoison

191 2519 311 2585 Anecd.
332 2518 364 2584 II
381 2543 412 2604 p.
436 2526 501 2588 119.
536 2520 586 2585 De
608 2519 717 2586 codice
738 2519 955 2585 Ambrosiano
976 2518 1231 2601 fragmentorum
1252 2513 1363 2581 Iliadis

191 2625 317 2692 notavit
331 2626 406 2707 Mai,
426 2649 457 2712 p.
472 2631 533 2695 582
554 2628 602 2693 ed.
617 2626 724 2694 Berol.
759 2625 957 2712 „Spirituum
978 2645 1108 2709 quoque
1129 2627 1226 2690 notae
1246 2644 1363 2689 coaeva

191 2757 289 2801 manu
322 2734 500 2821 pinguntur
532 2734 644 2800 formis
676 2734 790 2820 priscis
820 2736 860 2797 H
888 2737 922 2799 et
950 2733 981 2820 Ι-
1006 2732 1058 2799 rel
1082 2733 1126 2819 -Ι.
1184 2732 1293 2816 Atque
1324 2729 1359 2794 hi
1452 2814 1455 2822 Ι

191 2843 324 2929 spiritus
350 2865 580 2929 saepenumero
606 2842 918 2930 praetermittuntnr;
952 2863 1184 2927 nonnunquam
1209 2838 1244 2905 in
1265 2858 1359 2907 roca·

190 2950 270 3017 bulo
290 2950 398 3017 medio
419 2973 440 3017 a
460 2973 511 3017 me
533 2947 719 3021 observatos
739 2950 898 3017 meminit
938 2948 983 3014 llt
1003 2948 1045 3017 ad
1067 2950 1111 3013 M
1128 2951 1191 3017 434
1212 2938 1361 3008 dorilaei:

192 3058 249 3139 „ln
270 3060 420 3129 Ambros.
442 3060 582 3127 secunda
608 3057 732 3145 syllaba
757 3061 890 3127 notatum
910 3077 1024 3142 aspero
1046 3060 1080 3122 et
1099 3057 1209 3120 acuto“
1231 3052 1279 3119 ed.
1296 3051 1360 3117 Be·

191 3167 249 3234 rol.
273 3191 304 3252 p.
322 3172 390 3235 593.
425 3167 508 3234 ltem
527 3166 701 3251 aliquoties
721 3167 756 3232 in
779 3165 847 3231 cod
869 3164 1079 3251 Aegyptiam,
1100 3162 1190 3228 cuius
1212 3160 1361 3227 notitam

191 3275 372 3360 accepimus
390 3276 424 3343 in
438 3274 552 3341 Museo
572 3273 771 3361 philologiae
787 3271 1046 3359 cantabrigiensi
1060 3272 1101 3353 (ν.
1115 3268 1193 3337 Nro.
1207 3267 1223 3339 Ι
1237 3293 1265 3336 a.
1282 3273 1360 3337 1831

191 3406 222 3468 p.
247 3384 326 3466 178).

274 3491 305 3556 A
325 3490 503 3558 Villoisono
524 3490 587 3556 hoc
607 3489 747 3575 petimus
768 3489 1001 3572 testimonium,
1022 3485 1123 3572 praef.
1143 3483 1181 3551 Il.
1195 3482 1255 3551 Ill:
1275 3483 1359 3564 „Du-
1371 3491 1443 3563 (ael)

192 3596 309 3683 plicam
335 3598 370 3664 in
391 3597 584 3684 quibusdam
603 3596 735 3663 vocibus
757 3596 922 3682 spiritum,
947 3597 985 3660 nt
1007 3593 1042 3660 in
1063 3585 1222 3676 άναὶρέω,
1247 3595 1307 3657 cet
1327 3592 1360 3656 in

195 3704 362 3771 nonnullis
375 3704 517 3790 Epicteti
533 3704 697 3770 codicibus
710 3703 822 3790 Regiis
844 3702 1004 3769 invenisse
1018 3724 1053 3768 se
1067 3704 1205 3766 testatur
1217 3698 1249 3765 le
1262 3698 1363 3764 Ferre

194 3810 233 3877 de
248 3810 433 3878 Villebrnne
448 3836 480 3898 p.
496 3818 515 3880 6
529 3811 626 3898 praef.
649 3833 725 3877 suae
739 3810 881 3896 Epicteti
895 3808 1060 3876 Encbirid.
1079 3812 1181 3876 1782“.
1217 3805 1364 3891 Vestigia

259 4047 297 4090 ²³¹
315 4048 345 4102 a
362 4049 425 4111 235,
448 4044 497 4101 nbi
519 4046 555 4101 de
573 4045 659 4101 rerba
677 4041 776 4113 ἐξισίη
792 4059 883 4099 sermo
900 4045 950 4107 ast
968 4042 999 4098 in
1017 4041 1079 4097 cod.
1098 4043 1122 4095 V
1139 4040 1255 4110 legitur:
1285 4037 1315 4094 ol
1331 4038 1364 4095 δὲ

193 4133 313 4199 octobre
330 4129 380 4187 διὰ
396 4123 432 4187 τὸ
449 4126 543 4198 ὄνομα
560 4131 746 4198 γεγενῆσθαι.
772 4126 885 4185 Scilicet
902 4119 1026 4197 σ’νάματι
1044 4120 1137 4198 arata
1156 4125 1209 4180 hoo
1221 4123 1365 4196 proprium

194 4232 253 4271 esse
269 4215 387 4287 legerat!
407 4246 440 4257 —
457 4215 491 4271 In
507 4214 592 4271 schol.
609 4212 685 4269 Harl
703 4214 726 4267 1
744 4216 793 4267 114
809 4209 1023 4280 rectractetur
1039 4203 1075 4265 τὸ
1092 4210 1262 4278 Ἀμφίαλος,
1280 4200 1366 4263 οὖνα-

193 4319 243 4356 ται
253 4298 356 4368 μέντοι
367 4301 418 4354 καὶ
428 4292 617 4358 δασύνεσθαι.
643 4294 756 4352 Scilicet
767 4295 877 4367 legerat
888 4294 957 4351 illud
974 4295 1051 4367 apud
1062 4292 1261 4360 Herodianum,
1278 4308 1364 4361 quan·

194 4384 260 4440 dam
278 4385 309 4440 in
326 4382 495 4455 quibusdam
511 4380 730 4441 incomtantiam
747 4396 892 4453 apparere.
