3425 4934
346 322 386 386 64
433 316 467 371 ΙΙ.
493 317 535 374 De
552 317 730 374 Aristmchea
745 319 946 375 vocabulorum
963 320 1173 377 Homericomm
1192 320 1431 392 interpretatione.

1703 366 1705 375 r

346 483 441 562 Quod
462 485 508 551 sic
529 487 675 553 vocabuli
697 482 935 569 ἐπετοξάζοντο
957 489 1058 556 altero
1073 513 1166 556 versu
1187 491 1284 556 latius
1304 495 1395 574 patet
1415 491 1517 578 sigui·

345 591 463 675 ficatio,
484 592 547 659 hoc
569 598 677 660 utrum
696 597 882 682 scrupulum
903 598 1034 677 iniiciat,
1055 621 1096 663 an
1117 596 1201 664 hanc
1219 598 1517 682 interpretationem

346 700 571 767 commendet?

428 808 542 874 Μυσοὶ
565 833 661 895 supra
682 812 743 877 hac
763 816 854 897 parte
877 813 1103 898 disputationis
1122 813 1218 879 nobis
1238 813 1311 877 usui
1332 811 1410 891 fore,
1430 814 1517 897 quod

346 917 523 983 certissimo
547 918 694 1003 exemplo
721 920 952 1004 probabamus,
980 922 1157 986 Aristarchi
1180 921 1420 986 observationes
1438 943 1517 986 non-

345 1046 512 1108 nunquam
538 1025 675 1091 deflexae
704 1049 774 1092 esse
802 1051 822 1092 a
851 1027 1025 1114 discipulis.
1067 1028 1139 1094 Ηοο
1165 1028 1272 1093 iudico
1299 1028 1420 1093 factum
1447 1050 1517 1095 esse

346 1133 387 1198 ab
409 1132 591 1199 Aristonico
613 1133 654 1199 ad
675 1136 707 1197 Δ
730 1142 788 1202 117

469 1232 586 1323 (αὐτὰρ
608 1234 627 1307 ὁ
647 1235 731 1306 σάλα
752 1243 857 1325 σῶμα
879 1237 1054 1331 φαρέτρης,
1077 1238 1113 1307 ἐκ
1136 1236 1168 1306 δ’
1192 1234 1273 1306 ἕλετ’
1296 1234 1371 1322 ἰόν),

469 1341 609 1436 άβλητα,
634 1342 825 1435 πτερόεντα,
848 1346 1034 1431 μελαινέων
1055 1344 1125 1433 ἕρμ’
1149 1343 1307 1417 ὀδυνάων.

345 1454 396 1521 Ibi
415 1456 632 1524 Aristonicus:
654 1447 784 1545 ἀβλῆτα
805 1462 880 1526 cet:
903 1450 1078 1523 άθεεεῖται
1093 1452 1146 1523 ὅτι
1160 1460 1216 1522 νῦν
1233 1451 1353 1533 ἁπλῶς
1373 1449 1518 1544 άβλητον

345 1559 402 1629 καὶ
427 1558 597 1649 μηδέποτε
623 1560 828 1650 βεβλημένον
854 1562 912 1631 καὶ
938 1561 1137 1653 ἀφειμένον,
1168 1558 1227 1645 οὐχ
1246 1561 1448 1650 Ὁμηρικοῖς·
1477 1563 1516 1633 τὸ

346 1669 408 1757 γὰρ
430 1669 568 1753 βάλλειν
591 1666 740 1758 Ὅμηρος
771 1664 831 1741 οὐκ
860 1668 918 1739 ἐπὶ
948 1676 1008 1739 τοῦ
1033 1672 1145 1762 ψιλῶς
1173 1668 1346 1758 προέσθαι
1371 1665 1516 1757 τίθησιν.

345 1778 392 1845 At
408 1779 436 1845 si
458 1779 574 1845 dicitur
588 1772 641 1844 ἶὸν
661 1773 801 1863 βάλλειν
820 1783 851 1866 (υ
869 1788 917 1849 62.
938 1778 1062 1862 χαλκὸν
1078 1778 1192 1865 βαλὼν
1207 1782 1236 1844 Ε
1250 1786 1335 1858 317),
1359 1786 1445 1847 recte
1468 1781 1517 1846 di·

346 1886 429 1951 citur
450 1878 503 1962 ἰὸς
522 1879 637 1973 άβλής.
672 1885 759 1954 Illud
770 1910 846 1954 vero
862 1889 933 1967 dici,
956 1890 1118 1975 quomodo
1135 1890 1248 1976 fugere
1270 1888 1413 1972 potuerit
1435 1910 1517 1968 eum,

346 1994 402 2078 qui
427 1995 549 2080 primus
578 2017 673 2061 usum
699 1995 847 2062 vocabuli
874 1997 1099 2063 animadvertit
1125 1998 1245 2081 quique
1269 1995 1321 2061 vel
1342 1997 1382 2061 ad
1406 1995 1517 2061 obser·

346 2102 489 2167 vandum'
510 2125 605 2168 usum
626 2104 678 2169 vel
703 2104 744 2169 ad
766 2105 1042 2188 comprobandum
1064 2104 1200 2190 singulis
1218 2102 1299 2168 locis
1320 2103 1518 2182 attendebat,

346 2232 411 2294 quo
437 2208 547 2294 diplen
572 2217 762 2296 apponeret,
778 2200 854 2298 ’ego
884 2235 950 2278 non
967 2211 1070 2277 video.
1115 2211 1184 2276 Aut
1209 2233 1274 2276 non
1302 2211 1380 2276 fecit
1406 2211 1517 2276 obser·

347 2317 507 2382 rationem
521 2321 577 2382 aut
591 2321 677 2383 recte
698 2318 783 2384 fecit.
816 2319 916 2405 Ergo,
933 2319 967 2384 ni
989 2319 1092 2397 fallor,
1116 2319 1161 2384 sic
1183 2322 1370 2385 statuemus.
1404 2318 1518 2403 Appo-

345 2428 453 2489 suerat
462 2424 666 2490 Aristarchus
680 2426 786 2492 versui
801 2426 940 2493 obelum.
969 2425 1033 2495 Sed
1047 2426 1081 2491 in
1097 2426 1336 2493 commentariis
1351 2425 1519 2511 signorum

345 2553 457 2597 causas
478 2554 544 2597 non
567 2532 716 2599 omnibus
738 2533 818 2599 locis
841 2556 953 2599 omnes
974 2537 1181 2619 apposuerat,
1201 2534 1319 2618 partim
1340 2534 1428 2617 quod
1448 2533 1519 2618 ipsa

344 2643 423 2704 nota
443 2639 477 2704 in
499 2640 596 2705 rebus
622 2640 750 2724 saepius
775 2642 908 2706 monitis
934 2663 994 2725 pro
1023 2640 1252 2707 commentario
1275 2644 1374 2719 esset,
1399 2641 1518 2725 parlim

279 2764 334 2831 (76)
348 2747 436 2831 quod
448 2748 483 2812 in
497 2747 561 2814 isto
578 2770 666 2813 more
681 2747 828 2834 sinprlos
848 2771 994 2833 quosque
1015 2770 1125 2814 versus
1147 2748 1281 2813 notandi
1296 2770 1362 2813 non
1383 2748 1519 2835 triginta

343 2855 507 2920 volumina
528 2857 622 2941 (quae
644 2877 730 2921 nunc
751 2855 899 2922 sufficere
919 2860 1014 2941 putat
1033 2854 1202 2936 Wolfius),
1229 2855 1286 2920 sed
1306 2856 1359 2920 vix
1380 2856 1519 2922 ducenta

344 2963 575 3029 commentario
604 2963 778 3030 Homerico
808 2963 1017 3029 suffecissent
1063 2963 1291 3048 Compensavit
1317 2962 1381 3029 hoc
1406 2963 1517 3049 aliquo

344 3070 454 3149 modo,
490 3071 578 3155 qnod
597 3093 664 3137 non
691 3071 792 3138 semel
820 3072 877 3136 sed
899 3072 1026 3155 saepius
1049 3071 1304 3138 Commentarios
1325 3070 1517 3138 Homericos

344 3178 454 3243 edidit.
491 3176 526 3244 Si
541 3179 613 3263 quis
628 3179 728 3264 igitur
750 3182 946 3245 sectatorum
966 3179 1060 3266 signa
1081 3180 1150 3245 eius
1167 3179 1328 3244 illustrare
1350 3178 1448 3244 vellet
1469 3182 1519 3260 (ut

343 3285 569 3369 Aristonicus),
592 3287 655 3352 nisi
675 3309 786 3352 omnes
801 3286 1056 3353 Commentarios
1077 3285 1225 3352 adhibuit
1245 3290 1374 3372 poterat
1395 3285 1518 3370 aliquid

343 3392 466 3458 nescire
491 3393 543 3458 vel
570 3393 689 3478 scripto
712 3393 752 3459 ab
775 3416 813 3460 eo
835 3394 999 3460 traditum.
1039 3392 1103 3459 Sed
1124 3394 1181 3460 ubi
1202 3394 1382 3460 Aristarchi
1402 3416 1518 3459 manus

344 3499 494 3565 deficeret
521 3500 582 3585 ipsi
605 3523 644 3566 ex
665 3501 833 3587 disciplina
854 3501 1048 3568 senteutiam
1070 3502 1139 3566 eius
1161 3501 1368 3587 supplebant:
1396 3501 1430 3565 in
1452 3523 1517 3586 quo

345 3608 446 3673 errori
468 3608 626 3674 obnoxios
646 3608 745 3674 fuisse
766 3609 828 3674 uisi
851 3608 1005 3693 exemplis
1025 3612 1188 3689 constaret
1216 3631 1267 3675 res
1287 3609 1357 3694 ipsa
1379 3608 1517 3675 doceret.

295 3734 327 3784 σε
347 3715 400 3782 Sic
419 3715 511 3781 illum
526 3737 661 3795 versum,
684 3715 723 3781 de
743 3738 807 3800 quo
822 3716 995 3800 loquimur,
1016 3716 1203 3783 Aristarcho
1219 3720 1402 3802 suspectum
1419 3716 1518 3781 fuisse

343 3826 423 3908 puto
451 3846 490 3890 εο
516 3825 715 3909 argumento,
738 3824 826 3909 quod
851 3824 938 3909 apud
954 3824 1167 3910 Apollonium
1197 3828 1263 3902 est,
1292 3825 1353 3890 lex.
1373 3823 1470 3889 Hom.
1492 3846 1518 3892 s.

344 3924 471 4013 ἕρματα
491 3982 498 3997 .
522 3981 558 3997 ..
590 3925 649 3994 ἐπὶ
676 3925 713 3994 δὲ
737 3933 797 3996 τοῦ
822 3927 1008 4013 μελαινέων
1035 3924 1104 4017 ἕρμ’
1137 3923 1285 3996 ὀδυνάων
1306 3924 1325 3996 d
1347 3926 1407 4012 μὲν
1425 3923 1519 4015 Ἀρί-

343 4057 481 4121 σταρχος
502 4030 621 4102 άθετεῖ
633 4034 692 4104 τὸν
705 4032 815 4117 στίχον
829 4034 946 4123 λέγων·
970 4028 1043 4105 οἷον
1064 4030 1126 4123 γάρ
1146 4058 1250 4128 φησιν
1270 4038 1301 4122 (l
1321 4033 1381 4105 τὸν
1393 4031 1517 4117 στίχον·

343 4143 473 4229 γελοῖον
501 4138 563 4232 γάρ
590 4150 640 4234 φ.)
666 4138 804 4230 ἔρεισμα
831 4149 898 4211 τῶν
930 4139 1057 4214 ὀδυνῶν
1082 4142 1261 4228 λέγεσθαι·
1294 4139 1434 4211 ἔπαινον
1456 4142 1519 4229 γὰρ

343 4244 404 4318 οὐκ
425 4247 492 4333 ticet
519 4256 577 4320 τοῦ
599 4248 782 4336 δυναμένου
802 4246 972 4342 ὀδονῆσαι.
1016 4254 1111 4333 Quod
1137 4253 1268 4338 quidem
1293 4258 1519 4339 argumentum

343 4364 377 4427 et
403 4362 510 4448 ipsum
533 4362 736 4429 Aristonicus
764 4384 829 4429 non
855 4362 1087 4450 praetermisit,
1119 4362 1175 4427 sed
1205 4361 1287 4427 illud
1312 4360 1449 4426 alterum
1479 4360 1519 4426 de
