3425 4934
257 305 281 354 3.
308 290 426 370 βρέτας,
444 288 523 366 αλμα.
550 288 665 367 ψύχειν,
682 295 850 368 τδρσεσθαι.
877 289 1006 363 διώκειν,
1023 293 1203 370 ἐπιδραμεῖν.
1220 297 1256 356 al.
1286 306 1342 367 127

170 460 275 533 σκειό
292 459 505 550 διωκόμενος,
526 460 581 532 ὅτε
597 461 633 529 δὲ
650 459 816 549 γινώσκει,
844 458 979 531 διώκειν
992 462 1050 531 καὶ
1065 465 1193 546 διῶξαι.
1223 466 1269 532 Et
1283 472 1342 534 359

170 568 202 660 (ἡ
224 574 343 661 διπλῆ)
372 570 425 639 ότι
446 576 502 638 νῦν
528 566 643 654 ὀρθῶς
664 566 800 638 διώκειν
821 568 927 659 λέγει,
957 568 1013 639 ότε
1039 566 1155 662 φεύγει
1188 569 1345 658 ἐπιγνοὺς

170 676 289 760 αύτούς
305 676 489 766 πολεμίους
512 674 619 759 όντας.

637 886 868 894 --—-——-—-—

446 1098 633 1174 Δεῖπνον,
657 1089 806 1179 δόρπον
827 1101 873 1181 (et
894 1091 1068 1184 όριστον)

478 1247 570 1335 apud
589 1248 763 1314 Homerum
783 1250 1030 1337 ιλιέεδίιιηιιυυδιιν.

253 1416 285 1480 Ω
310 1421 368 1483 124
399 1409 431 1500 (ἡ
462 1412 581 1500 διπλῇ)
609 1412 664 1482 ότι
692 1410 785 1495 όπαξ
807 1418 863 1481 νῦν
889 1412 924 1481 δν
952 1409 1073 1482 Ἰλιάδι
1103 1414 1161 1482 καὶ
1190 1413 1285 1496 ἅπαξ
1309 1413 1344 1482 έν

169 1518 345 1610 Ὀδυσσείᾳ
371 1523 412 1603 (π
431 1523 464 1606 2)
492 1520 530 1587 τὸ
552 1514 703 1606 όριστον,
732 1518 927 1602 „evolvam
950 1516 1126 1610 {formosa
1158 1518 1227 1590 ἔστι
1248 1520 1285 1589 δὲ
1305 1521 1343 1589 τὸ

171 1626 320 1715 πρώϊνον
340 1624 515 1715 ἔμβρωμα·
542 1628 612 1716 τρὶς
633 1633 736 1717 <τρεῖς
755 1633 841 1718 cod.)
869 1629 931 1716 γὰρ
951 1628 1081 1720 τροφὰς
1102 1626 1292 1715 ἐλάμβανον
1313 1625 1344 1696 οἱ

171 1734 286 1825 ἥρωες.
331 1745 362 1802 Σ
380 1745 441 1807 566
471 1731 503 1823 (ἡ
529 1737 647 1825 διπλῆ)
679 1734 732 1808 ότι
762 1740 898 1806 δεῖπνον
923 1738 961 1807 τὸ
989 1732 1047 1828 ὑφ’
1078 1733 1174 1825 ἡμῶν
1200 1733 1345 1825 δι’ριστον.

174 1850 206 1911 Κ
219 1852 280 1916 578
298 1839 330 1933 (ἡ
348 1845 468 1931 διπλῆ)
491 1840 544 1910 ότι
565 1842 624 1912 ἐπὶ
644 1841 778 1914 πόντων
792 1851 891 1914 τοῦτο
913 1843 1058 1935 νοητέον,
1082 1839 1142 1913 οὐκ
1165 1843 1222 1913 ἐπὶ
1241 1839 1345 1931 μόνου

172 1948 368 2040 Διομήδους
391 1951 449 2019 καὶ
472 1946 667 2034 Ὀδυσσέως.
709 1953 766 2022 καὶ
798 1951 850 2022 ότι
878 1948 1159 2042 ἠριστοποιοῦντο
1186 1956 1227 2037 (h.
1254 1979 1281 2025 e.
1307 1978 1346 2021 ex

175 2085 271 2129 sensu
292 2061 495 2143 Homerico)·
515 2056 537 2149 ἡ
561 2060 623 2148 γὰρ
645 2061 774 2150 πρωϊνη
796 2059 927 2150 έπέστη.

254 2192 294 2253 Λ
314 2194 355 2258 86
381 2183 433 2253 ὅτι
454 2183 643 2275 Ζηνόδοτος
667 2183 790 2277 γράφει
812 2184 953 2276 δόρπον·
981 2181 1019 2254 ού
1042 2184 1132 2274 λέγει
1154 2184 1191 2255 δέ
1212 2188 1348 2254 δεῖπνον

174 2294 233 2382 τὴν
247 2289 423 2382 ἑσπερινὴν
435 2292 562 2385 τροφὴν
578 2298 645 2375 νῦν,
670 2288 758 2363 ἀλλὰ
774 2296 910 2363 δεῖπνον
924 2296 1021 2361 καλεῖ
1040 2286 1061 2361 b*
1080 2290 1178 2382 ἡμεῖς
1199 2289 1343 2383 όριστον,

174 2395 258 2468 καθ’
280 2391 323 2489 ἣν
344 2399 435 2489 ώραν
454 2401 512 2470 καὶ
533 2397 552 2472 ό
576 2398 739 2489 δρυτόμος
760 2398 1035 2487 δριστσποιεῖται.

255 2515 295 2575 Λ
316 2517 376 2596 730
402 2506 435 2599 (ἡ
461 2512 576 2600 διπλῆ)
603 2506 655 2577 ότι
681 2506 871 2600 Ζηνόδοτος
898 2506 1021 2603 γράφει
1043 2514 1189 2580 δεῖπνον·
1221 2506 1348 2600 δόρπον

177 2617 213 2684 δέ
232 2615 320 2704 λέγει
339 2618 400 2707 τὴν
421 2615 597 2708 ἑσπερινὴν
616 2617 759 2709 τροφήν·
783 2613 913 2699 εὐθέως
934 2620 997 2708 γὰρ
1020 2624 1296 2707 κατακοιμιδνται.

257 2727 347 2795 Ηεεο
367 2732 444 2794 sant
464 2729 641 2795 Aristonici
662 2730 849 2796 testimonia
869 2730 903 2795 iu
923 2754 958 2796 re
981 2731 1176 2799 difficillima.

255 2835 328 2902 Hoc
352 2838 498 2903 videmus
524 2836 720 2903 intellexisse
741 2837 965 2904 Aristarchum
991 2862 1158 2925 nunquam
1186 2839 1413 2904 demensus

177 2944 360 3029 vespertina
389 2946 475 3032 apud
500 2944 678 3012 Homerum
708 2945 795 3010 aliud
825 2968 944 3012 nomen
976 2946 1106 3013 tolerari
1130 2968 1224 3032 posse
1251 2968 1347 3030 quam

177 3046 319 3133 δόρπον,
348 3074 409 3119 nec
439 3057 553 3119 contra
583 3047 710 3137 δόρπον
741 3053 781 3119 δε
809 3053 874 3119 alia
899 3076 999 3119 coena
1025 3055 1087 3121 (lici
1113 3076 1217 3141 posse.
1264 3053 1348 3119 Vide

176 3162 313 3227 modov
343 3167 404 3229 390
430 3182 501 3246 sqq.
551 3160 655 3239 Quam
681 3160 894 3226 differentiam
919 3162 947 3226 si
973 3161 1109 3229 Vossius
1135 3163 1280 3229 scivisset
1305 3163 1345 3227 ab
1359 3178 1429 3250 (133)

176 3268 361 3334 Aristarcho
376 3272 506 3334 strenue
522 3269 724 3334 observatam
741 3290 820 3347 esse,
843 3271 968 3335 cautior
985 3270 1102 3336 fuisset
1120 3271 1155 3335 in
1176 3271 1347 3356 reprehen-

177 3376 281 3441 dendo
303 3375 519 3458 grammatico.
555 3374 728 3460 Vituperat
742 3377 828 3441 enim
843 3378 897 3458 (ad
910 3378 1017 3463 hymn.
1040 3378 1109 3446 Ger.
1127 3402 1159 3464 p.
1173 3384 1237 3462 47),
1260 3380 1348 3463 quod

176 3481 277 3550 1le
299 3488 339 3551 86
361 3482 582 3550 Zenodoteum
605 3477 733 3566 δόρπον
758 3484 906 3550 reiiciens
934 3483 1070 3550 δεῖπνον
1090 3487 1245 3570 posuerit.
1284 3486 1347 3567 „So

176 3591 291 3657 nimmt
323 3591 393 3657 sein
424 3585 552 3675 δόρπον
577 3589 613 3656 ll.
640 3589 685 3655 XI
711 3595 751 3659 86
782 3593 838 3658 der
869 3592 1050 3678 erschiipfte
1076 3590 1261 3659 Holzhauer
1291 3594 1347 3659 des

175 3697 416 3785 Nachmittags3
452 3699 521 3765 sein
554 3698 703 3777 δεῖπνον,
744 3699 880 3765 welches
917 3700 1083 3765 Aristerch
1118 3701 1347 3777 unterschiebt

175 3806 274 3872 uuhm
299 3829 334 3873 er
361 3830 414 3872 am
439 3807 577 3893 Morgeu
606 3829 680 3873 zum
704 3806 830 3890 Begiun
865 3808 921 3873 der
945 3808 1085 3875 Arbeit“.
1133 3808 1203 3874 lmo
1232 3809 1349 3874 erravit

175 3914 322 3982 Vossius.
355 3912 461 3981 Locus
481 3915 615 3983 Homeri
637 3919 699 3981 est:

162 4018 167 4077 3
257 4024 350 4118 όφρα
371 4028 432 4115 μέν
451 4023 523 4118 ἠώς
541 4021 584 4118 ἦν
603 4027 662 4094 καὶ
682 4022 798 4108 ἀέξετο
819 4023 909 4114 ἱερὸν
929 4020 1030 4117 ἦμαρ,

163 4182 166 4189 »
256 4133 367 4229 τόφρα
387 4131 466 4223 μόλ’
490 4130 690 4226 ἀμφοτέρων
710 4129 798 4221 βέλε’
821 4132 955 4224 ἥπτετο,
977 4141 1081 4205 πῖπτε
1103 4135 1140 4204 δὲ
1161 4138 1252 4218 λαός·

254 4236 344 4334 ἦμος
365 4243 402 4311 δέ
424 4242 584 4332 δρυτόμος
604 4266 669 4328 περ
690 4237 773 4330 ἀνὴρ
796 4236 989 4312 ὡπλίσσατο
1012 4247 1148 4313 δεῖπνον

255 4347 374 4437 ούρεος
393 4350 428 4419 δν
447 4348 618 4444 βήσσῃσιν,
640 4349 716 4419 ἕποι’
734 4346 762 4417 τ’
786 4348 984 4436 ἐκορέσσατο
1003 4360 1116 4442 χεῖρας
1137 4396 1185 4424 -.
