3425 4934
305 333 331 385 4.
357 327 399 384 De
417 327 614 399 grammaticis,
626 326 681 397 oui
698 324 868 384 ἐνοτατιιιοί
885 329 915 382 et
930 328 1044 382 λυτικοί
1060 323 1130 380 dicti
1143 324 1216 378 sunt.
1287 328 1347 393 217

182 496 355 564 Sciendum
375 501 484 564 temen
503 498 611 563 locum
627 496 714 561 huno
734 518 836 562 unum
859 517 928 561 esse
950 495 988 561 de
1009 493 1069 572 his,
1090 514 1172 578 quos
1191 490 1348 556 insolubi-

180 606 229 673 les
260 606 397 672 diximus
425 627 531 691 supra.
572 603 633 670 XII
654 612 709 672 74:
740 603 913 671 Sciendum
934 608 1044 669 tamur
1065 605 1114 668 est
1133 600 1242 666 locum
1261 597 1348 663 huno

181 735 282 780 unum
305 735 375 779 esse
397 713 435 779 de
456 712 684 779 insolubilibus
703 710 764 777 XII
789 711 926 797 (aliquot
947 710 1039 778 codd.
1060 707 1163 792 XIII),
1184 729 1266 792 quae
1288 706 1346 770 lia·
1363 711 1413 763 2²0

180 822 262 887 bent
283 821 519 898 obsculitatem,
541 820 618 886 licet
638 843 658 885 a
677 819 788 887 multis
808 842 868 904 pro
887 824 983 905 captu
1002 817 1203 884 resolvantur
1215 814 1347 901 ingenii.

182 928 229 997 cf.
250 927 266 995 Ι
286 936 361 997 450:
387 927 560 995 Sciendum
587 931 696 994 tamen
722 932 783 994 est'
796 928 830 993 in
852 926 993 1015 Virgilio
1013 924 1175 991 interdum
1194 922 1349 988 validiora

182 1058 252 1103 esse
282 1037 409 1103 obiecta
437 1036 593 1122 purgatis.
617 1072 654 1083 -
682 1033 807 1113 Quibus
838 1035 916 1120 quid
943 1035 977 1099 in
1001 1031 1183 1120 Virgiliano
1210 1029 1348 1095 carmine

181 1166 241 1230 pro
263 1144 468 1212 excusatione
489 1143 596 1222 fuerit,
618 1147 752 1230 apparet
772 1163 811 1207 es
831 1140 952 1210 Vbii:
973 1139 1080 1226 ,Ergo
1101 1141 1229 1205 constat
1249 1158 1348 1223 quee-

182 1252 321 1319 stionem
341 1252 426 1318 hene
446 1274 544 1317 unam
565 1271 634 1316 esse
657 1250 696 1315 de
717 1248 953 1328 insolubilibus,
976 1270 1056 1333 quas
1070 1268 1138 1314 non
1152 1245 1286 1312 dubium
1299 1246 1349 1309 est

182 1360 425 1425 emendaturum
452 1359 552 1425 fuisse
576 1356 780 1444 Virgilium‘t
823 1355 918 1434 Quod
947 1378 1014 1423 non
1039 1355 1168 1422 fecisset
1191 1351 1349 1439 Virgilius

181 1466 216 1530 in
242 1466 323 1532 locis
348 1468 389 1533 ad
410 1466 633 1552 explicandum
662 1465 725 1531 nisi
750 1465 893 1549 argutias
921 1464 1064 1549 captanti
1085 1484 1150 1529 uon
1176 1460 1347 1547 impeditis.

183 1572 288 1651 Quare
313 1574 365 1639 his
387 1596 516 1659 quoque
536 1574 571 1639 in
592 1573 673 1641 locis
694 1570 810 1638 melius
831 1571 961 1638 fecisset
982 1570 1124 1650 Servius,
1145 1569 1187 1651 si,
1207 1573 1246 1635 ut
1266 1591 1349 1634 non·

183 1702 348 1765 nunquam
373 1681 463 1761 facit,
491 1681 668 1766 superfluas
694 1679 900 1767 quaestiones
926 1679 1066 1746 dixisset
1095 1678 1133 1745 u.
1154 1700 1185 1765 g.
1205 1676 1254 1744 III
1274 1682 1349 1746 203:

181 1786 292 1866 „Unde
312 1787 473 1873 superflua
494 1789 640 1874 quaestio
660 1792 710 1854 est
729 1809 841 1854 eorum
855 1788 912 1873 qui
926 1788 1053 1854 dicunt“
1066 1824 1117 1851 -.
1141 1784 1189 1852 III
1210 1790 1280 1854 332.
1302 1783 1350 1850 VI
1451 1829 1454 1836 =

186 1896 308 1962 140¹³⁶.
349 1894 401 1959 Ex
423 1894 565 1975 Graecis,
587 1896 643 1981 qui
664 1895 759 1963 nobis
776 1897 894 1962 servati
914 1899 999 1973 sunt,
1021 1893 1258 1960 commentariis
1278 1892 1349 1958 Ho-

182 2002 318 2067 mericos
344 2023 420 2069 suos
446 2003 690 2087 quaestionibus
716 2007 749 2069 et
773 2002 991 2070 solutionibus
1017 2002 1160 2088 undique
1185 2023 1253 2067 non
1279 2001 1349 2066 sine

185 2107 331 2174 doctrina
352 2109 495 2177 collectis
515 2110 644 2177 refersit
662 2109 876 2196 Porphyrius,
900 2114 938 2175 ut
959 2111 1015 2195 qui
1036 2109 1158 2177 scholis
1177 2108 1350 2175 Homerica

183 2215 253 2282 cod.
274 2215 302 2280 B
325 2216 416 2300 (haec
443 2218 529 2283 enim
549 2217 720 2305 Porphyrii
747 2222 825 2285 sunt
850 2239 953 2303 paene
979 2218 1099 2301 omnia)
1126 2216 1290 2295 evolverit,
1321 2216 1350 2280 is

183 2322 341 2407 optimum
364 2324 482 2390 habeat
503 2325 698 2412 exemplum,
725 2348 790 2412 qua
809 2325 936 2392 ratione
955 2324 989 2390 in
1009 2323 1073 2390 hoc
1093 2346 1211 2410 genere
1234 2323 1350 2390 eruditi

182 2429 326 2514 alioquin
352 2433 553 2517 grammatici
574 2433 624 2499 usi
646 2433 720 2499 sint
769 2433 842 2499 Hoc
862 2433 897 2498 in
918 2430 984 2498 illis
1004 2432 1163 2514 notabile,
1184 2430 1272 2516 quod
1293 2453 1350 2515 sp·

181 2540 275 2621 paret
300 2539 469 2624 negotium
498 2540 693 2607 dissolvendi
720 2541 762 2606 ad
788 2545 891 2607 artem
920 2540 1085 2606 redactum
1109 2539 1218 2607 fuisse.
1267 2538 1352 2606 Sunt

182 2644 269 2710 enim
298 2648 402 2710 comae
428 2646 570 2714 rationes
600 2648 792 2715 dissolvendi
815 2670 904 2733 ¹quae
929 2647 1120 2734 plerumque
1141 2647 1432 2729 adhibenturz(sso)

182 2755 216 2817 et
241 2751 427 2838 saepissime
453 2754 583 2839 quidem
612 2755 731 2822 solutio
750 2755 789 2822 fit
814 2750 851 2818 ἐκ
873 2748 1072 2838 προσώπου,
1097 2749 1134 2819 ἐκ
1155 2751 1288 2835 λέξεως,
1312 2749 1349 2821 ἐκ

181 2860 312 2942 καιροῦ,
334 2853 445 2946 τόπῳ,
469 2854 554 2928 ἔθει.
589 2861 678 2941 Quae
700 2862 752 2928 rel
773 2863 859 2948 apud
880 2862 1117 2929 recentissimos
1137 2862 1191 2928 hic
1211 2860 1278 2927 illic
1298 2884 1350 2927 re·

181 2987 307 3032 currere
327 2989 395 3033 non
415 2968 609 3034 mirabimur.
641 2967 809 3056 Moschop.
829 2966 907 3054 περὶ
927 2969 1013 3050 exod.
1035 2992 1065 3055 p.
1085 2975 1152 3050 146,
1172 2968 1230 3035 ubi
1252 2992 1349 3056 regu·

180 3073 246 3138 lem
271 3074 554 3162 orthographicum
581 3077 714 3163 exponit
740 3077 778 3142 de
804 3076 970 3144 vocabulis
995 3101 1015 3143 a
1041 3074 1078 3165 ζη
1104 3077 1156 3144 vel
1178 3075 1208 3157 ζι
1229 3078 1280 3143 vel
1302 3074 1349 3157 ζει

180 3180 418 3267 incipientibus,
438 3183 541 3249 fertur
554 3184 595 3249 ad
616 3176 755 3271 ζήτημα,
780 3184 819 3251 de
842 3206 907 3270 quo
924 3184 1005 3252 haee
1019 3185 1187 3252 adscribit}
1208 3178 1349 3274 ζήτημα·

181 3283 264 3371 ὅπερ
280 3284 349 3354 ἐστὶ
361 3287 551 3357 casalinos
564 3283 672 3375 ὄνομα
686 3289 744 3357 καὶ
758 3291 938 3376 διαιρεῖται
948 3285 996 3371 εἰς
1010 3284 1171 3379 ἀπόρημα
1182 3290 1239 3358 καὶ
1249 3315 1349 3379 κατη-

180 3390 325 3485 γόρημα·
348 3394 436 3485 ζητεῖ
455 3390 517 3483 γάρ
538 3420 590 3476 τις
609 3390 636 3487 ἢ
651 3389 791 3485 ἇπορῶι
803 3390 829 3485 ἢ
843 3402 1043 3488 κατηγορῶν.
1065 3393 1298 3486 καταγίνονται
1313 3396 1350 3465 dd

180 3499 240 3569 καὶ
261 3496 436 3593 ἀμφότερα
456 3497 481 3592 ἢ
502 3502 579 3590 περὶ
600 3502 689 3588 λέξιν
708 3498 733 3595 ἢ
754 3503 832 3592 περὶ
844 3514 991 3593 πρᾶγμα.
1013 3505 1070 3574 καὶ
1084 3501 1115 3575 εἰ
1128 3503 1164 3574 dr
1178 3499 1350 3594 πράγματι

247 3706 285 3746 1⁸⁶
301 3703 429 3760 Vidimus
446 3704 515 3775 quid
527 3705 637 3761 Servius
654 3706 689 3762 de
701 3704 821 3777 Virgilio
839 3710 951 3763 secutus
967 3707 1011 3764 sit
1037 3707 1093 3763 Sed
1111 3706 1166 3764 fuit
1176 3724 1241 3779 pars
1258 3725 1350 3778 gram·

179 3788 357 3854 misticorum,
375 3806 448 3859 quae
464 3788 625 3846 insolubilia
641 3790 720 3846 nulla
738 3807 795 3847 eme
812 3791 925 3858 statuit,
943 3791 1019 3862 quod
1040 3791 1087 3847 hic
1102 3795 1189 3862 poeta
1205 3792 1349 3862 (horribile

179 3870 268 3944 dictu)
285 3872 375 3929 omnis
392 3872 492 3930 erroris
513 3873 645 3930 immunis
660 3873 705 3933 sit
733 3875 856 3932 llaorob.
873 3893 960 3932 somn.
980 3874 1053 3947 Scip.
1070 3877 1098 3934 Π
1116 3881 1145 3933 8:
1167 3875 1256 3933 Nobis
1273 3876 1350 3933 uliud

178 3956 216 4011 sd
233 3955 422 4014 defensionem
443 3958 518 4015 ultra
535 3959 606 4014 haec
623 3975 696 4029 quae
714 3958 834 4015 diximus
854 3977 913 4015 non
931 3960 1059 4016 occurrIt.
1095 3960 1200 4016 Verum
1216 3963 1349 4032 quoniam

178 4039 209 4096 in
219 4040 314 4097 medio
331 4041 472 4112 posuimus
491 4058 561 4112 quos
578 4042 646 4099 fines
663 4060 809 4113 nunquam
825 4043 873 4100 via
889 4044 954 4101 solis
971 4044 1095 4109 excedet,
1113 4045 1291 4103 menifestum
1308 4051 1351 4104 est

177 4127 273 4180 autem
295 4125 423 4181 omnibus
444 4126 513 4197 quid
531 4126 609 4182 Maro
628 4126 743 4194 dixerit,
766 4145 865 4197 quem
887 4132 1022 4186 constat
1038 4130 1165 4186 erroris
1182 4130 1350 4202 ignarum,

177 4207 246 4264 erit
262 4207 395 4278 ingenii
412 4209 625 4281 singulorum
642 4211 801 4268 invenire
819 4213 902 4283 quid
923 4213 1034 4284 possit
1051 4213 1197 4286 amplius
1214 4233 1274 4286 pro
1292 4216 1350 4271 ab·

177 4291 343 4348 solvenda
360 4293 421 4350 hac
439 4295 639 4366 quaestione
657 4295 831 4357 confiteri
847 4329 881 4340 -
898 4298 1025 4374 Apparet
1042 4297 1110 4368 quid
1122 4297 1296 4355 SerriusXIl
1309 4306 1349 4355 74.

176 4378 190 4434 1
209 4382 260 4434 uo
278 4376 419 4449 respiciat.
541 4373 547 4382 '
