3425 4934
341 346 361 408 6
620 337 641 392 Ι.
669 336 711 391 De
728 336 852 392 fontibus
871 337 1014 392 doctrinae
1033 335 1234 391 Aristarcheae.

689 433 695 469 ι

292 515 330 586 (v)
343 506 395 592 <N
413 505 490 589 237>
512 496 709 585 ὅΚομανὸς
730 496 907 588 γενόμενός
927 525 1057 591 φησιν.
1079 553 1113 570 ..
1149 503 1214 570 Sed
1240 527 1291 569 res
1314 508 1424 569 nostra
1446 525 1514 569 non

309 613 481 681 omultum
511 613 596 697 capit
623 613 815 679 detrimenti.
857 612 944 678 Nam
974 616 1194 696 utnusquam
1222 612 1398 678 Aristonici
1428 634 1513 676 com-

341 720 492 787 mentarii
513 720 679 787 Homerici
706 721 778 805 ipso
807 721 931 786 adiecto
959 720 1055 785 titulo
1082 723 1381 798 commemorentur,
1405 724 1514 784 tamen

340 829 440 894 fidsse
467 828 531 893 loci
557 828 654 894 modo
683 828 782 912 positi
807 828 984 893 certissime
1010 831 1178 892 testantur.
1222 826 1316 905 Quod
1346 850 1385 893 ex
1410 825 1514 893 multo

339 935 555 1022 paucioribus,
577 958 659 1021 quae
681 940 752 999 tum
772 935 991 1015 innotuerant,
1012 955 1112 1021 sagax
1132 936 1296 1019 perspexit
1309 935 1515 1003 Valckenarii

340 1044 515 1129 ingenium,
535 1042 557 1109 l.
577 1043 598 1109 l.
631 1042 773 1127 Reliqui,
804 1064 886 1128 quos
908 1044 1089 1127 posuimus,
1113 1043 1177 1109 loci
1205 1066 1287 1127 quos
1314 1043 1355 1108 ad
1380 1042 1515 1108 Homeri

340 1150 430 1216 locos
459 1150 643 1234 pertineant
671 1173 729 1235 per
754 1173 789 1216 se
814 1154 918 1236 patet3
950 1148 1038 1235 quod
1066 1150 1105 1215 de
1132 1150 1293 1216 veteribus
1318 1150 1410 1235 Epiri
1437 1172 1516 1236 cog·

269 1246 275 1253 ’
342 1259 528 1325 nominihus
554 1257 751 1345 regibusque
778 1257 965 1323 disseruisse
995 1256 1152 1336 videmus,
1183 1257 1234 1321 vel
1265 1257 1306 1322 ad
1331 1257 1516 1344 catalogum

342 1364 483 1432 Navium
506 1371 575 1445 635,
596 1367 647 1432 vel
669 1366 710 1431 ad
730 1387 840 1452 regem
861 1364 1022 1430 Echetum
1044 1366 1077 1446 (σ
1098 1367 1150 1447 84)
1172 1366 1365 1450 pertinuisse
1386 1367 1516 1451 putabi-

342 1497 424 1539 mus.
469 1474 620 1540 Ceterum
646 1473 707 1538 hos
738 1473 985 1538 commentarios
1012 1494 1050 1537 ex
1072 1472 1167 1539 docto
1189 1472 1246 1538 illo
1268 1494 1387 1559 genere
1407 1473 1517 1550 fuisse,

344 1581 432 1665 quod
446 1581 592 1667 plerique
608 1581 709 1647 secuti
731 1585 816 1657 sunt,
839 1580 949 1664 copias
971 1580 1207 1665 geographicas
1229 1583 1262 1645 et
1282 1581 1518 1668 mythologicas

344 1690 385 1756 ab
400 1688 543 1755 Homero
559 1689 726 1754 occasione
742 1692 848 1753 sumta
867 1709 1065 1765 coacervans,
1087 1710 1146 1753 nec
1167 1688 1230 1753 hoc
1252 1689 1432 1755 obscurum.
1467 1688 1518 1754 De

304 1838 306 1841 -
344 1797 487 1863 eiusdem
514 1795 714 1883 grammatici
742 1794 981 1861 commentariis
1002 1793 1181 1861 Pindaricis
1209 1800 1336 1861 constat
1357 1818 1397 1862 ex
1418 1796 1516 1862 schol.

343 1903 436 1971 Pind.
460 1903 510 1970 01.
532 1901 548 1969 I
570 1908 620 1970 33.
645 1901 693 1967 HI
714 1907 763 1970 31.
791 1900 853 1968 VH
877 1907 943 1970 153.
985 1901 1023 1966 ln
1049 1903 1219 1969 Hesiodeis
1249 1910 1520 1970 commemoratur

344 2012 385 2078 ad
399 2010 524 2097 Theog.
544 2002 634 2080 17Βὸ
656 2006 685 2073 d'
700 2005 737 2075 ἐκ
757 2008 887 2088 λοχτοῖο
908 2007 990 2088 πάϊς
1011 2002 1153 2095 ὠρέξατο
1174 2005 1262 2096 χειρί
1267 2034 1278 2074 .·
1295 2003 1521 2093 Ἀριστόνικος

344 2110 475 2198 λοχεοῖό
503 2138 604 2205 φησιν
630 2111 675 2195 ὡς
701 2118 853 2200 topacio·
876 2116 992 2197 λοχεὸς
1017 2115 1079 2202 γὰρ
1102 2114 1198 2201 λέγει.
1227 2121 1402 2203 dedicaras
1423 2114 1460 2183 δὲ
1480 2115 1519 2185 τὸ

343 2225 473 2305 λοχεοῖο
494 2222 588 2310 παρὰ
608 2221 647 2291 τὸ
668 2219 760 2302 ἔθος.
794 2226 881 2291 Hinc
902 2228 1150 2293 commentarios
1171 2227 1204 2292 in
1219 2227 1398 2293 Hesiodum
1419 2228 1520 2312 scrip·

346 2334 426 2400 sisse
442 2333 591 2399 concludi
606 2355 672 2398 non
686 2337 805 2418 potest,
827 2334 861 2398 id
882 2334 970 2418 quod
984 2333 1217 2399 Valckenarius
1238 2335 1363 2417 putavit
1385 2334 1426 2399 ad
1440 2335 1520 2400 Am·

345 2441 490 2506 monium
512 2441 533 2506 l.
555 2442 576 2507 l.
613 2440 757 2506 Possunt
784 2441 870 2506 enim
896 2441 976 2506 haec
1003 2463 1042 2506 ex
1064 2440 1171 2525 aliquo
1193 2440 1277 2506 libro
1300 2442 1520 2527 grammatico,

346 2548 526 2614 Herodiani
548 2548 670 2633 opinor,
692 2549 886 2633 transcripta
907 2570 993 2615 esser
1019 2548 1240 2614 Aristonicum
1259 2570 1336 2614 vero
1359 2549 1523 2617 deforma

347 2651 461 2737 λοχοός
481 2657 675 2722 sententiam
689 2678 780 2721 suam
801 2655 842 2720 ad
855 2655 1064 2722 Homericum
1087 2652 1211 2740 θυρεός
1232 2657 1417 2743 exposuisse
1438 2658 1520 2745 fingi

291 2811 292 2814 κ
348 2767 465 2851 potest.
507 2763 581 2830 Nisi
609 2786 648 2830 ex
669 2765 740 2849 ipso
761 2763 844 2828 libro
872 2763 911 2829 de
933 2764 1019 2829 notis
1039 2763 1249 2851 Theogoniae
1270 2788 1290 2830 a
1311 2763 1411 2830 Suida
1431 2786 1520 2832 com-

347 2876 524 2938 memorato
546 2876 631 2938 sunt.

430 3088 497 3170 §ta
537 3086 589 3151 Ab
612 3085 852 3152 commentariis
874 3084 1054 3150 Homericis
1079 3088 1166 3152 varia
1192 3093 1224 3153 et
1245 3090 1441 3154 extrinsecus
1463 3090 1520 3155 ad-

347 3196 428 3261 scita
449 3193 595 3259 doctina
615 3194 790 3272 instructis,
811 3195 846 3258 in
868 3193 985 3278 quibus
1007 3194 1105 3259 etiam
1126 3197 1167 3260 ab
1186 3196 1374 3263 Aristarcho
1397 3197 1521 3262 dissen-

348 3303 427 3368 sisse
441 3300 612 3380 invenitur,
633 3300 709 3366 libri
724 3301 763 3366 de
777 3300 864 3366 notis
879 3304 950 3367 toto
969 3301 1077 3368 colore
1093 3308 1126 3368 et
1140 3303 1275 3369 consilio
1291 3304 1407 3369 diversi
1420 3303 1520 3371 fuere.

347 3410 385 3477 In
410 3409 461 3474 his
489 3408 575 3474 enim
605 3430 696 3473 suam
724 3409 816 3494 quasi
844 3408 932 3474 exuit
959 3431 1146 3493 personam,
1174 3412 1208 3476 id
1229 3434 1328 3478 unum
1350 3414 1521 3497 totumque

299 3538 463 3608 (pagens,
488 3520 526 3580 ut
551 3537 631 3600 quas
652 3515 907 3581 Aristarchus
930 3520 1023 3582 notas
1049 3518 1195 3584 versibus
1216 3518 1396 3585 Homericis
1422 3542 1521 3605 appo-

349 3628 468 3702 suerat,
496 3646 550 3689 eas
571 3623 729 3689 indicaret
749 3645 868 3708 easque
886 3624 932 3689 ita
952 3623 1137 3704 illustraret,
1158 3630 1195 3690 ut
1216 3648 1327 3692 causas
1349 3647 1522 3712 argumen-

348 3736 445 3818 taque
460 3731 637 3797 Aristarchi
653 3732 967 3816 observationesque,
982 3732 1099 3816 quibus
1119 3733 1320 3799 stabiliendis
1334 3733 1409 3800 illae
1423 3738 1522 3801 notae

348 3839 555 3918 inservirent,
577 3843 775 3926 congereret.
816 3838 863 3906 Ut
886 3840 1015 3925 proprie
1042 3846 1075 3907 et
1100 3841 1141 3907 ab
1162 3840 1256 3906 initio
1281 3840 1357 3905 libri
1382 3841 1522 3908 indicem

348 3947 447 4012 fuisse
462 3952 589 4032 putem:
610 3942 688 4030 περὶ
699 3939 914 4031 Ἀριστάρχου
929 3942 1074 4031 σημείων
1084 3941 1238 4035 Ὁμήρου.
1265 3948 1329 4014 Res
1345 3948 1523 4014 certissima

350 4058 413 4132 est,
436 4058 469 4120 et
490 4055 546 4139 qui
567 4055 618 4121 vel
639 4054 762 4121 scholia
782 4056 852 4140 ipsa
875 4055 1047 4142 diligenter
1067 4060 1254 4140 attenteque
1275 4055 1450 4141 perlegerit
1469 4057 1522 4123 vel

349 4161 491 4247 reliquas
507 4166 634 4228 nostras
650 4162 688 4228 de
702 4162 891 4229 Aristarcho
907 4163 1141 4247 disputationes
1162 4163 1347 4249 pervolvere
1369 4164 1522 4251 dignatus

349 4270 448 4334 fuerit
461 4273 528 4334 tam
542 4293 609 4336 non
623 4274 733 4355 potest
753 4271 862 4349 latere,
884 4274 922 4337 ut
936 4271 998 4336 hoc
1013 4270 1085 4336 loco
1100 4272 1209 4336 omnia
1229 4271 1369 4337 maxima
1389 4272 1522 4338 minima

349 4380 513 4442 momenta
528 4383 728 4462 comportare
743 4400 808 4444 non
827 4378 928 4443 nimio
950 4400 1046 4462 opere
1068 4377 1281 4445 laborandum
1302 4384 1421 4466 putem
1457 4380 1522 4447 Sed
