3425 4934
348 300 407 361 154
441 290 476 347 11.
493 290 534 346 De
552 288 729 345 Aristarchea
745 289 944 345 vocabulorum
962 288 1172 346 Homerieorum
1189 290 1430 362 interpretatione.

346 461 436 545 <loa
467 459 521 544 12>
555 452 841 542 ὑπεροπλίσσαιτο
877 463 914 543 (ρ
935 465 1032 546 2681·
1066 455 1213 547 νικήσειε
1245 464 1316 538 τοῖς
1349 456 1519 539 tutona

345 593 375 654 p.
398 575 459 637 474
477 567 614 652 (aaa)
635 560 911 655 repdoledppwv:
932 563 1088 655 φρόνημα
1110 568 1247 654 κερὸοῧς
1268 563 1350 648 ἤρων
1371 572 1425 652 (ne
1447 572 1519 655 quis

344 676 424 741 lucri
445 676 626 742 studiosum
646 674 822 762 intelligat,
847 699 876 743 v.
897 677 962 742 soh.
984 681 1015 738 Z
1035 682 1116 762 153).
1151 702 1182 764 p.
1196 683 1258 746 288
1280 678 1344 762 (61,
1367 678 1400 761 1)
1422 676 1519 763 δυση-

345 779 443 870 λσγὴς
456 785 485 867 (t
496 780 689 871 τανηλορὴς)
703 775 864 862 θάνατος,
880 777 1044 867 πόλιμοςε
1064 780 1343 870 μακροκοίμητος,
1361 779 1519 850 κακοκοί-

343 892 488 977 peragit.
509 885 700 978 νεμεσητόςτ
712 886 945 981 μεμψίμοιρος
961 892 1027 959 soh.
1039 893 1159 958 VadA
1169 899 1238 960 649.
1260 886 1396 977 ἐπίηλεν
1410 896 1444 975 (χ
1453 895 1519 977 49).-

344 995 593 1088 ἐπεισὲπεμψεν
607 999 761 1084 Apollon.
786 1023 817 1086 p.
834 1006 895 1068 344
918 1002 983 1086 (73,
1009 999 1072 1083 10),
1098 1004 1131 1066 et
1153 1000 1310 1085 quaedam
1332 1000 1396 1065 alia
1416 1000 1451 1065 in
1471 1001 1519 1083 iis,

345 1129 426 1193 quae
447 1108 512 1172 iam
532 1129 630 1192 supra
651 1107 829 1173 attulimus.
871 1108 1017 1193 Apparet
1038 1108 1199 1174 studuisse
1221 1108 1255 1173 iu
1276 1108 1327 1174 his
1348 1110 1519 1175 verborum

345 1236 475 1281 sensum
504 1215 671 1281 rooabulia
700 1214 883 1282 notioribus
919 1220 953 1281 et
986 1216 1125 1301 propriis
1156 1238 1253 1301 quam
1281 1216 1518 1283 accuratissime

343 1324 489 1403 reddere,
515 1323 562 1387 ita
588 1326 627 1388 ut
653 1322 688 1388 in
718 1322 906 1406 compositis
934 1323 1031 1388 etiam
1057 1324 1334 1409 praepositionum
1358 1323 1406 1389 vis
1427 1328 1519 1408 pate·

343 1430 497 1511 fieret,.in
519 1453 583 1515 quo
605 1431 845 1516 perspicuitatis
867 1452 963 1497 eausa
983 1453 1050 1497 non
1069 1430 1156 1517 fugit
1176 1431 1322 1515 pluribus
1340 1432 1446 1498 verbis
1460 1432 1518 1500 uti.

343 1536 379 1604 Si
401 1538 567 1605 commode
595 1539 667 1605 fieri
695 1541 806 1624 posset
832 1539 938 1604 tenuit
966 1539 1000 1604 in
1026 1538 1212 1625 paraphrasi
1233 1538 1398 1606 Homerici
1423 1562 1519 1607 voea-

342 1645 411 1712 buli
432 1646 585 1725 radioem,
607 1649 644 1712 ut
666 1638 898 1733 ἀνακτορίῃσιν
917 1642 1012 1712 ίίεσσι
1032 1669 1099 1713 nou
1121 1645 1349 1725 δεσποτικαῖς,
1373 1671 1414 1715 ue
1436 1641 1519 1713 ἀνοί-

343 1775 429 1816 κτων
458 1754 588 1839 quidem
615 1752 767 1832 reddidit,
800 1754 858 1821 sed
882 1758 955 1831 ταῖς
975 1756 1041 1818 τῶν
1063 1747 1262 1836 ἀνακτόρων.
1296 1754 1380 1821 Item
1400 1754 1520 1840 κερδα-

343 1852 505 1946 λεόφριον.
547 1861 590 1926 llt
619 1852 727 1946 ἀνέχῃ.
769 1860 842 1927 Hoo
867 1867 983 1929 tamen·
998 1886 1065 1930 nou
1087 1864 1181 1930 auxie
1202 1867 1332 1931 seoutus
1354 1867 1412 1931 eat.
1454 1862 1519 1931 Sed

341 1967 472 2053 propria
498 1966 655 2034 voeabula
685 1969 857 2053 quaesivit,
891 1957 1049 2048 α1οὗτος
1077 1968 1139 2055 γὰρ
1168 1971 1355 2055 (Antinous)
1382 1964 1519 2057 ἐπίηλεν

278 2082 326 2133 rot
343 2069 424 2140 τάδε
443 2068 522 2158 ἔργα
535 2077 575 2157 (χ
595 2076 648 2157 49)
671 2070 912 2165 ἐπεισέπεμψε.
945 2076 1030 2145 Nam
1051 2073 1258 2161 ἐπιπέμπειν
1279 2082 1312 2144 et
1333 2071 1518 2160 ἓπεισπέμ·

343 2206 420 2248 πειν
440 2184 570 2270 proprie
592 2183 708 2251 dieitur
729 2184 764 2248 iu
784 2183 888 2251 malis.
916 2184 961 2251 Et
981 2186 1162 2253 diffieiliora
1184 2187 1282 2253 etiam
1298 2185 1385 2251 felici
1400 2190 1518 2253 oonatu

342 2291 516 2372 transtulit,
533 2295 571 2356 ut
591 2285 767 2377 νεμοσητός
786 2286 1032 2381 μεμψίμοιρος;
1059 2298 1092 2360 et
1111 2287 1393 2379 praesumpturos,
1417 2314 1517 2358 κακο-

342 2392 501 2485 κοίμηιος
522 2421 618 2484 quam
639 2399 752 2485 pulcra
773 2403 806 2465 et
828 2400 1046 2485 significantia
1066 2402 1224 2468 voeabula
1245 2405 1329 2469 suut.

812 2606 1043 2614 ψ

425 2731 445 2816 9
465 2737 493 2798 5.
530 2729 616 2796 Hine
641 2730 735 2798 facile
758 2731 953 2817 intelligitur
973 2732 1096 2799 nullum
1118 2733 1185 2800 fero
1203 2735 1303 2801 fuisse
1324 2734 1517 2801 vocabulum

344 2840 423 2923 quin
443 2838 631 2925 paraphrasi
653 2841 845 2924 expresserit
859 2841 1079 2910 Aristarchus:
1102 2846 1136 2908 et
1156 2865 1195 2908 ex
1215 2843 1279 2909 hoo
1301 2865 1420 2928 genere
1441 2847 1518 2909 suut

344 2946 412 3011 sine
428 2946 526 3012 dubio
541 2947 628 3031 apud
641 2946 854 3031 Apollonium
870 2953 903 3015 et
917 2949 1115 3034 Hesychium
1121 2950 1327 3018 Aristarchea
1340 2951 1516 3037 complura.

344 3052 408 3120 Sed
428 3053 635 3120 vehementer
656 3055 830 3121 dolendum
852 3057 940 3141 quod
957 3058 1091 3123 istarum
1113 3057 1374 3124 observationum
1390 3060 1428 3125 de
1445 3059 1516 3126 vul·

260 3170 332 3243 (158)
345 3160 477 3247 guribus
497 3161 663 3227 voeabulis
683 3163 736 3229 vel
756 3165 986 3231 vocabulorum
1000 3165 1292 3252 significationibus
1311 3167 1451 3254 cognitis
1465 3167 1516 3233 vel

344 3269 488 3335 nondum
514 3271 654 3367 coguitis
681 3275 714 3336 et
735 3272 867 3338 omnino
888 3273 1193 3358 interpretationum
1217 3274 1405 3361 diligentius
1422 3276 1517 3341 iusti·

342 3380 494 3456 tatarum,
516 3399 595 3462 quas
616 3399 674 3463 per
695 3382 801 3446 totum
816 3379 996 3447 Homerum
1017 3381 1176 3466 diplarum
1198 3404 1259 3467 ope
1281 3386 1351 3448 erat
1367 3405 1516 3468 perseeu-

342 3488 409 3565 tus,
435 3507 509 3571 pars
538 3487 763 3553 tautummodo
785 3492 945 3575 superest,
975 3510 1055 3573 quas
1083 3491 1112 3557 ei
1134 3492 1203 3556 sine
1225 3490 1439 3557 haesitatione
1458 3492 1517 3557 ad·

343 3593 533 3670 scribamus3
561 3616 644 3679 quae
670 3595 808 3662 fortasse
835 3619 873 3661 ex
896 3598 963 3663 eius
985 3598 1087 3684 copiis
1106 3622 1166 3665 nec
1189 3599 1320 3665 dimidia
1341 3620 1401 3664 nee
1421 3600 1519 3665 tertia

408 3844 435 3887 ⁹3
451 3843 545 3898 Verba
562 3850 626 3910 τοῖς
643 3835 746 3909 dolote
763 3846 934 3902 exciderunt.

408 3931 435 3970 ⁰4
450 3928 504 3983 Hio
514 3928 591 3986 loeus
604 3929 745 4001 Apollonii
763 3931 994 4003 corruptissimus.
1024 3933 1078 3989 Pro
1089 3930 1185 3999 ἄλλως
1194 3934 1248 4004 leg.
1261 3934 1362 4005 opinor
1379 3933 1412 3990 ἐν
1421 3925 1518 3990 Ἰλιάδι

342 4014 382 4083 (Υ
394 4014 464 4084 154).
498 4014 536 4070 Et
552 4014 768 4087 καταστρέφειν
786 4014 828 4079 εἰς
852 4016 961 4087 explico
978 4020 1257 4089 μεταλαμβάνεσθαι
1279 4021 1318 4090 (v.
1335 4036 1421 4091 supra
1436 4035 1464 4090 p.
1485 4023 1515 4074 19

341 4099 409 4169 τᾳ),
432 4098 465 4154 ut
489 4098 573 4154 sohol.
592 4099 622 4152 Π
642 4103 698 4155 163.
733 4098 809 4155 Suid.
831 4118 851 4155 s.
871 4092 996 4170 ἤκιστος.
1031 4103 1160 4174 Apollon.
1184 4121 1205 4157 s.
1227 4098 1326 4175 ἄλγεα.
1350 4097 1514 4175 ἇμφίβασις.

340 4175 512 4252 ἀνόρουσεν.
537 4174 660 4240 ἄσπετα.
702 4184 817 4255 Proprie
840 4185 952 4242 videtur
974 4205 1043 4243 esse:
1071 4188 1162 4253 „redit
1178 4196 1228 4244 eo“
1246 4220 1280 4229 -
1298 4208 1323 4243 v.
1343 4188 1416 4244 Sext
1433 4186 1514 4256 Emp.

341 4264 404 4321 adv.
422 4282 538 4335 gramm.
556 4267 601 4321 12
619 4270 636 4337 5
654 4272 694 4323 54.
724 4269 757 4326 V.
776 4270 864 4325 Bekk.
883 4271 920 4327 ad
938 4272 1029 4345 Apoll.
1054 4273 1088 4329 de
1106 4289 1185 4345 pron.
1202 4291 1232 4344 p.
1252 4279 1309 4331 lto.
1344 4273 1385 4330 De
1402 4270 1513 4342 reliquis

340 4349 472 4407 hariolari
488 4367 606 4422 possum.
