3425 4934
345 321 403 383 142
430 312 465 369 11.
497 312 538 369 De
556 313 733 370 Aristarchus
749 315 947 373 vocabulorum
964 313 1174 370 Homericomm
1190 315 1429 386 interpretatione.

340 479 399 569 δην
427 476 566 548 πίνοντα
594 474 674 571 ἔφη·
704 474 723 547 ὅ
751 479 789 548 δέ
806 476 1020 568 Ἀρίσταρχος
1043 475 1116 549 ἀντὶ
1135 486 1194 548 τοῦ
1215 478 1341 566 ὁμοίως
1360 487 1407 571 τῷ
1428 487 1511 549 Μα·

336 582 445 669 χάονι,
468 584 514 667 ὡς
532 587 572 655 τὸ
593 584 861 677 (,,έμπης“γοῖᾶν
880 612 916 654 τε
936 587 993 655 καὶ
1008 584 1174 675 οὐρανόν“
1192 596 1262 675 174)
1282 589 1347 669 „oi
1364 588 1401 656 δέ
1417 594 1511 673 χαῖρε

338 693 395 761 καὶ
415 691 548 784 έμιτης“
569 700 599 783 (ε
619 700 706 783 205),
727 691 845 785 παρών
862 720 899 762 τε
919 696 977 764 καὶ
997 690 1105 764 ἀπών.
1146 693 1205 765 τόν
1224 720 1260 763 τε
1281 695 1344 785 πέρ
1366 692 1511 765 πλεονά-

338 802 414 884 ζειν,
437 797 483 881 ὥς
502 802 540 870 τὸ
556 799 704 893 ,,έ’φυχόν
720 828 784 891 περ
800 799 902 871 αἰπὺν
919 798 1093 889 ὄλεθρον(
1108 798 1263 894 (φυγόντι
1277 828 1340 891 περ
1354 844 1397 856 —-
1410 831 1428 892 ρ
1442 809 1509 894 47).
1538 792 1543 803 ’

419 911 454 979 si
481 914 563 998 quis·
581 913 692 979 didicit
718 913 862 980 omnium
887 915 1081 1000 ineptiarum
1105 915 1295 1000 magistrum
1315 915 1415 982 fuisse
1435 917 1510 981 Ari-

337 1021 514 1102 starchum,
541 1021 650 1088 credut
670 1021 747 1087 huic
768 1022 965 1099 testimonio.
1008 1022 1153 1107 Reliquis
1180 1044 1338 1108 exponam
1360 1025 1438 1108 quid
1457 1024 1510 1089 hic

337 1132 449 1194 auctor
470 1129 642 1215 aliquoties
664 1130 699 1195 in
720 1130 883 1197 veteribus
905 1129 1036 1196 scholiis
1057 1128 1175 1216 legerit
1195 1134 1228 1196 et
1246 1131 1355 1218 inepte
1370 1133 1410 1196 ad
1425 1132 1510 1197 hunc
1577 1218 1583 1227 ·

334 1235 443 1302 locum
473 1236 683 1303 transtulerit,
730 1235 863 1305 Scilicet
893 1230 1002 1324 ἔμπης
1030 1239 1116 1323 opud
1142 1238 1320 1305 Homerum
1349 1239 1510 1324 duplicem

335 1343 454 1410 habere
476 1345 759 1431 significationem,
780 1340 872 1427 ὅμως
886 1349 920 1411 et
934 1338 1069 1428 ὁμοίως.
1098 1345 1252 1432 Apollon.
1266 1346 1328 1412 lex.
1346 1346 1387 1414 H.
1401 1370 1433 1433 p.
1448 1353 1509 1414 318

253 1455 326 1527 (145)
336 1451 401 1534 (nt.
416 1451 458 1519 M.
474 1458 544 1531 335,
564 1454 617 1536 30)
631 1446 755 1539 ἔμπης·
775 1448 859 1518 ποτέ
871 1449 933 1536 μέν
945 1447 1046 1536 ὅμως,
1065 1450 1129 1532 „od
1146 1451 1183 1518 δέ
1194 1457 1289 1538 χαῖρε
1303 1451 1360 1520 καὶ
1374 1448 1507 1541 ἔμπης“

335 1559 364 1640 (ε
384 1562 468 1642 205),
488 1555 572 1624 ποτέ
593 1555 631 1623 δέ
652 1551 725 1625 ἀντὶ
744 1563 803 1626 τοῦ
824 1552 951 1642 ὁμοίως
970 1553 996 1647 ἢ
1016 1556 1135 1648 έπέσης

417 1668 476 1732 τοῦ
497 1662 555 1732 καὶ
574 1661 765 1749 κινυμένοιο
787 1664 873 1747 Διὸς
892 1664 973 1734 ποτὶ
991 1664 1196 1752 χαλκοβατὲς
1217 1669 1265 1734 dui

269 1786 317 1838 143
417 1767 525 1859 ἔμπης
546 1770 581 1853 ές
600 1768 700 1858 γαῖάν
719 1798 754 1841 τε
774 1773 831 1841 καὶ
850 1768 992 1862 οὐρανὸν
1011 1768 1089 1841 ἵκετ’
1112 1768 1219 1863 ἀϋτμή
1242 1774 1288 1859 (Ξ
1308 1781 1378 1863 174)

335 1904 392 1947 και

414 1983 523 2076 ἔμπης
535 2012 596 2073 μοι
608 1993 717 2071 τοῖχοι
729 1986 906 2076 (μεγάρων)
921 1989 1024 2058 καλαί
1036 2015 1072 2059 τε
1084 1987 1253 2077 μεσόδμαι
1267 1996 1298 2077 (τ
1311 1997 1373 2077 37).
1399 1992 1505 2060 Schol

333 2097 425 2163 Pind.
444 2097 540 2183 Pyth.
563 2102 591 2160 V
613 2106 653 2167 74
673 2092 785 2180 ἔμπαν
803 2097 845 2164 τὰ
868 2097 987 2165 καὶτὰ
1008 2097 1132 2183 νέμωνι
1155 2095 1304 2167 τουτέστι
1324 2098 1366 2164 τὰ
1388 2092 1506 2184 ἀγαθὰ

332 2201 390 2270 καὶ
413 2203 455 2271 τὰ
484 2200 571 2271 κακοί
594 2258 602 2275 .
625 2209 856 2292 ...χρῶνται
881 2202 919 2272 δέ
946 2209 995 2293 τῷ
1020 2201 1132 2290 έμπαν
1157 2190 1230 2273 ἀντὶ
1250 2204 1505 2292 περισπωμένου

330 2314 389 2378 τοῦ
415 2305 520 2395 ὁμῶς,
547 2307 569 2379 ὅ
596 2309 685 2379 ἔστιν
707 2306 783 2381 ἴσον
808 2317 856 2402 τῷ
888 2308 1023 2398 ὁμοίως.
1069 2311 1213 2401 καὶγὰρ
1238 2313 1277 2382 τό
1302 2309 1410 2402 ἔμπης
1435 2310 1506 2381 ἀντὶ

331 2416 586 2507 περισπωμένου
606 2423 666 2487 τοῦ
688 2413 778 2505 ὁμῶς
796 2417 1087 2509 τάσσει’“’ομηρος·

413 2522 520 2617 ἔμπης
538 2551 601 2613 μοι
623 2525 735 2595 δοκέοι
756 2526 885 2597 δαΐδων
903 2526 1005 2609 σέλας
1022 2524 1163 2614 ἔμμεναι
1183 2523 1285 2598 αὐτοῦ

414 2636 471 2703 καὶ
492 2636 641 2725 κεφαλῆς
661 2641 695 2721 (ο
715 2639 835 2726 35481).

330 2742 388 2811 καὶ
408 2739 512 2812 πάλιν
532 2740 667 2835 ,,έ’μπης
687 2745 722 2825 ές
742 2740 841 2831 γαῖάν
860 2768 897 2812 τε
917 2744 975 2813 καὶ
996 2738 1163 2834 οὐρανόνῑῑ
1185 2744 1241 2815 καὶ
1255 2744 1392 2814 ἐπὶτῶν
1405 2741 1503 2832 ὁμοί,

321 2877 384 2922 ων.
427 2854 528 2921 Porro
554 2857 585 2920 P
608 2861 669 2924 632
697 2858 765 2920 τῶν
789 2851 850 2938 μέν
875 2851 937 2940 γὰρ
964 2847 1098 2921 πάντων
1127 2849 1214 2939 βέλε’
1242 2852 1384 2923 ἅπτεται
1413 2852 1504 2934 ὅστις

330 2954 444 3049 ἀφείη,
466 2955 492 3049 ἢ
513 2960 615 3041 κακὸς
634 2954 660 3050 ἢ
680 2955 826 3048 ἀγαθός·
855 2961 940 3040 Ζεὺς
965 2956 997 3028 δ’
1021 2957 1130 3050 ἔμπης
1150 2957 1389 3033 πάντίἶθύνει.
1430 2965 1502 3031 Hoc

329 3067 402 3133 loco
430 3070 465 3135 iu
487 3071 586 3141 schol.
614 3072 645 3137 Α
665 3071 805 3159 legimus
829 3068 868 3136 τὸ
891 3065 999 3160 ἔμπης
1019 3064 1092 3137 ἀντὶ
1112 3076 1170 3137 τοῦ
1192 3066 1320 3153 ὁμοίως
1338 3069 1503 3154 τέτακται,

330 3178 418 3262 quod
450 3181 577 3245 videtur
609 3180 785 3246 Aristonici
818 3204 897 3248 esse.
948 3181 1099 3266 Denique
1125 3181 1279 3268 Apollon.
1308 3182 1437 3267 Dyscol.
1464 3183 1503 3248 de

330 3287 411 3350 coni.
436 3309 467 3371 p.
488 3293 564 3369 525,
592 3294 633 3357 24
663 3285 841 3376 ποιητικὸν
868 3284 984 3371 μέντοι
1011 3286 1048 3354 τὸ
1074 3283 1183 3376 έμπιχς
1213 3286 1271 3354 καὶ
1297 3286 1441 3378 σύνηθες
1464 3288 1502 3355 τὸ

330 3387 428 3475 ὅμως.
471 3387 679 3478 λαμβάνεται
709 3391 824 3479 μέντοι
850 3393 889 3459 τὸ
914 3389 1022 3483 ἒμπης
1047 3393 1105 3462 καὶ
1133 3392 1191 3461 ἐπὶ
1209 3400 1268 3462 τοῦ
1289 3390 1430 3481 ὁμοίως,
1458 3395 1504 3474 ὥς

330 3496 387 3565 ἐπὶ
407 3505 467 3567 τοῦ

495 3603 603 3697 ἔμπης
621 3632 683 3694 μοι
702 3613 811 3692 τοῖχοι
829 3606 983 3695 μεγάρων
1005 3650 1043 3661 -

495 3710 603 3805 ἒμπης
622 3714 657 3795 ές
677 3711 777 3802 χαῖοὶν
796 3740 833 3783 τε
853 3716 912 3783 καὶ
933 3711 1074 3804 οὐρανὸν
1094 3756 1146 3787 -.

327 3823 399 3890 Hoc
423 3825 524 3911 igitur
544 3824 765 3913 intelligimus,
787 3826 920 3912 aliquot·
933 3827 1014 3894 locis
1027 3828 1207 3895 Homericis
1228 3828 1326 3914 vulgo
1346 3852 1366 3894 o
1383 3831 1500 3896 veteri-

327 3931 388 3996 bus
409 3934 635 4017 grammaticis,
657 3935 755 4001 etism
777 3958 796 4000 a
817 3936 1114 4021 praestantioribus,
1134 3940 1171 4002 ut
1185 3936 1361 4022 Apollonio
1379 3942 1412 4003 et
1426 3940 1499 4004 An'·

327 4040 469 4120 starcho,
495 4034 603 4129 ἔμπης
630 4043 823 4128 explicatum
849 4044 949 4109 fuisse
972 4037 1111 4128 ὁμοίως,
1133 4049 1166 4110 et
1188 4046 1318 4130 quidem
1336 4042 1370 4115 Ξ
1390 4055 1457 4115 174.
1478 4065 1500 4109 o

326 4203 535 4214 ——-.

392 4300 417 4341 ⁸1
435 4297 517 4355 Hunc
528 4300 620 4355 locum
632 4301 770 4371 Odysseae
790 4302 1011 4371 quotiescunque
1027 4301 1152 4373 inspicio,
1171 4304 1293 4361 occurrit
1309 4303 1436 4376 primitus
1453 4303 1497 4357 iu·
1582 4324 1583 4327 ¹

323 4380 377 4436 isso
395 4381 453 4438 κὰκ
469 4388 603 4455 κεφαλῆς.
632 4385 734 4441 Census
751 4386 832 4442 facile
850 4390 893 4442 est
909 4387 1075 4458 perspicere.
