3425 4934
639 347 663 399 2
689 341 886 414 Μουσῶν
1290 349 1348 413 ιτο

178 513 237 578 nbi
257 514 332 577 ante
354 501 393 576 οὗ
416 507 474 576 διὰ
496 512 542 597 (p.
557 517 605 594 65,
629 518 666 581 16
680 511 754 596 Be.)
775 510 981 578 inserendum
1003 502 1035 574 oi
1058 503 1104 576 δέ.
1126 543 1167 559 -
1187 507 1249 575 nst
1270 506 1348 575 deus

178 620 330 699 marinus,
349 621 389 683 A
408 626 479 688 404.

686 868 842 936 Cerberi

180 1007 314 1052 nomen
336 1007 402 1051 non
424 989 663 1064 commemorat,
688 985 718 1049 Θ
738 990 809 1053 368.
846 983 894 1051 cf,
915 982 1010 1050 Pauo.
1032 980 1078 1049 ΠΙ
1100 988 1150 1061 25,
1171 988 1199 1051 6.

668 1253 855 1323 Charites.

261 1365 294 1439 Ξ
316 1376 377 1439 267
405 1365 470 1454 έγῶ
498 1363 538 1436 άί
562 1365 601 1436 κέ
627 1391 681 1434 τοι
707 1364 865 1453 Χαρίτων
891 1362 974 1452 μίαν
1005 1359 1221 1450 ὁπλοτεράων
1251 1358 1348 1432 ὁῶσω

178 1468 392 1559 ὀπυιέμεναιε
412 1472 467 1542 ὁτι
481 1471 540 1542 δίο
555 1473 699 1562 γενέσεις
712 1472 870 1562 Χαρίτων
890 1467 1104 1559 ὑποτίθεται,
1125 1471 1349 1559 πρεσβυτέρας

177 1581 235 1650 καί
255 1580 428 1671 νεωτέρας·
456 1582 511 1652 άιὸ
533 1587 749 1671 συγκριτικῶς
767 1580 855 1669 λέγει
877 1576 1100 1668 ὁπλοτεράων.
1140 1581 1179 1649 V.
1200 1583 1348 1650 observa·

175 1692 300 1760 tionem
322 1693 361 1760 de
382 1716 443 1760 usu
465 1716 534 1762 voc.
557 1686 775 1778 ὁπλότερος
794 1695 827 1758 Δ
845 1698 906 1761 325
929 1684 1050 1775 αἰχμὰς
1071 1684 1103 1756 δ’
1127 1682 1349 1774 αἰχμάσσουσι

176 1793 339 1884 νεῶτιροι,
363 1801 460 1887 οἵπερ
475 1798 567 1885 έμιῖο
582 1795 763 1887 ὁπλότεροι
777 1792 932 1886 γιγάασιι
954 1794 987 1888 (ἡ
1004 1798 1124 1887 διπλῆ)
1145 1792 1199 1865 ὅτι
1219 1800 1349 1885 παραλ-

178 1899 288 1993 λήλως
306 1903 460 1995 ναίτσροι
484 1906 546 1992 μίν
570 1902 644 1976 άντὶ
666 1911 726 1976 τοῦ
746 1904 831 1988 νέοι,
862 1902 1045 1993 ὁπλότεροι
1071 1902 1109 1973 δέ
1134 1911 1349 1993 συγκριτικῶς

176 2006 250 2081 cini
269 2019 330 2083 τοῦ
351 2012 435 2099 enos
454 2010 622 2103 νιάτιροι·
645 2012 808 2085 οὐδέποτε
829 2014 891 2101 γὰρ
913 2008 986 2083 ἀντὶ
1006 2017 1067 2082 τοῦ
1085 2009 1158 2081 νέοι
1178 2008 1290 2103 ιίρηκι
1309 2014 1348 2082 τὸ

178 2114 367 2208 ὁπλότεροι·
388 2123 427 2190 τὸ
451 2121 489 2191 δέ
510 2118 664 2213 νιῶτιροι
684 2119 754 2191 κατ’
772 2117 973 2215 ἀμφοτέρων
993 2120 1128 2190 τίθεται
1149 2117 1228 2208 παρ’
1246 2116 1359 2210 αὐτῶ·

177 2227 235 2296 καί
254 2235 471 2319 συγκριτικῶς
495 2233 554 2301 καὶ
575 2226 842 2318 άπολιλυμίνως.
882 2234 956 2301 Uno
983 2234 1057 2301 loco
1084 2234 1229 2300 invenies
1256 2234 1351 2301 aliter

178 2339 307 2421 dicium,
328 2344 361 2406 Γ
374 2348 442 2425 108,
462 2345 496 2409 ολ
510 2342 640 2428 quidem
653 2343 688 2409 in
702 2342 847 2410 versibus
864 2341 962 2410 aliam
975 2349 1010 2409 et
1027 2347 1065 2410 nc
1082 2342 1210 2409 videtur
1230 2342 1349 2409 instem

179 2448 221 2515 ob
244 2471 373 2517 cansam
393 2452 527 2518 notatis:
548 2452 605 2518 ubi
625 2450 688 2517 hoc
709 2450 807 2518 eiiam
828 2454 1030 2518 momentum
1049 2449 1099 2515 illi
1119 2471 1187 2516 non
1205 2454 1348 2537 praeier-
1367 2456 1413 2508 ¹81

177 2554 311 2623 missum
330 2557 430 2626 fuisse
451 2559 646 2645 putabimus.
692 2558 842 2626 Ceterum
867 2557 930 2625 hoc
952 2551 1149 2643 ὁπλότερος,
1183 2559 1270 2644 qnod
1300 2562 1351 2625 est

178 2660 341 2749 νιῶταρος,
364 2665 412 2732 ita
431 2670 471 2732 nt
490 2689 565 2733 non
585 2667 628 2734 ad
648 2666 924 2753 comparationem
938 2666 1075 2734 aliorum
1096 2665 1278 2733 adhibitum
1299 2666 1351 2749 sii,

177 2772 265 2857 apud
284 2772 427 2858 reliquos
453 2773 551 2841 etiam
580 2774 688 2861 epicos
714 2774 876 2841 mrissime
903 2778 989 2841 certe
1011 2774 1133 2841 dictum
1153 2773 1224 2839 fuit.
1267 2771 1350 2839 Mihi

178 2879 309 2965 quidem
323 2879 448 2949 nullum
462 2882 504 2948 ad
517 2904 649 2949 manum
663 2881 845 2968 exemplum
859 2885 917 2948 esc
939 2919 980 2929 —
1002 2879 1067 2949 Sed
1084 2882 1224 2967 primum
1247 2881 1350 2947 dicam

179 2988 267 3072 qnod
287 2988 329 3055 ad
350 2988 509 3075 duplicem
522 2989 657 3076 stirpem
670 2989 838 3057 Ohafitnm
859 2988 985 3069 attinet,
1006 2990 1046 3055 de
1066 3011 1101 3056 re
1123 2988 1350 3056 conferendam

179 3117 248 3161 esse
270 3094 431 3182 duplicem
451 3096 617 3164 Musarum
638 3097 771 3183 siirpem
796 3096 883 3183 apud
902 3094 1097 3163 Pausaniam
1116 3095 1163 3162 IX
1182 3103 1237 3178 29,
1258 3103 1287 3165 2.
1309 3133 1352 3146 -

179 3200 327 3288 Orpheus
355 3204 518 3272 iuniorum
547 3205 680 3291 stirpem
708 3206 841 3273 deornm
866 3225 901 3270 se
934 3204 1087 3271 cecinisse
1115 3204 1194 3271 dicit
1221 3200 1352 3287 μέλπον

178 3302 214 3374 θ’
246 3303 439 3397 ὁπλοτέρων
465 3310 625 3399 μακάρων
654 3306 780 3394 γένεσίν
804 3333 841 3378 τε
867 3304 976 3395 κρίσιν
1000 3334 1037 3377 τε
1056 3313 1180 3400 Argon.
1202 3317 1273 3383 430.
1307 3312 1352 3380 Et

177 3417 403 3505 Epigonomm
423 3420 554 3488 initiam
574 3419 678 3488 simile
699 3420 757 3484 νῦν
778 3408 859 3484 αὖθ’
881 3412 1075 3506 ὁπλοτέρων
1094 3413 1225 3503 ἀνδρῶν
1246 3415 1352 3508 ἀρχῶ-

177 3528 272 3608 neoc
292 3530 445 3608 Μοῦσαι,
470 3534 633 3597 certamen
649 3527 747 3595 Hom.
769 3532 805 3595 et
823 3527 902 3600 Hes.
922 3552 955 3617 p.
969 3535 1030 3599 324
1053 3528 1171 3598 θουλλλ
1187 3530 1351 3617 Ατίολορλυ,

178 3632 252 3720 Pac
275 3641 364 3705 1270.
1219 3671 1223 3678 ·

260 3739 321 3810 Ille
341 3742 534 3813 Homericus
561 3766 672 3812 versus
698 3737 857 3828 Χαρίτων
883 3739 965 3828 μίαν
992 3739 1209 3830 ὁπλοτεράων
1238 3746 1352 3813 obver-

178 3849 311 3917 sabatur
326 3848 448 3921 Nonno
469 3874 544 3921 oum
560 3851 647 3920 XLII
664 3858 727 3921 466
748 3851 905 3920 scriberet
925 3890 966 3902 -
985 3845 1110 3940 μούνην
1131 3844 1352 3941 άμφιέπονσα

176 3951 258 4040 μίαν
278 3953 404 4047 Χάριν·
424 3954 591 4049 ὁπλοτέρη
611 3957 674 4046 γὰρ
694 3952 861 4043 τρισσάων
881 3953 1039 4044 Χαρίτων
1057 3954 1167 4048 Βορόη
1188 3956 1353 4050 βλάστησι

177 4060 323 4156 τετάρτη.
357 4067 476 4156 Iunior,
497 4069 618 4157 quippe
636 4069 816 4156 posteriore
837 4068 967 4136 saeculo
990 4073 1070 4148 orta,
1091 4068 1123 4134 h.
1146 4091 1172 4136 e.
1194 4070 1296 4158 igiinr
1315 4074 1354 4137 nt

178 4172 314 4243 dicimus
340 4198 425 4245 nova
443 4178 557 4246 Charis
585 4181 697 4246 exorta
718 4181 777 4246 est.
819 4176 866 4244 lot
885 4176 948 4244 hoc
969 4198 1067 4244 senen
1087 4198 1183 4261 saepe
1204 4200 1283 4245 usus
1304 4183 1355 4245 ssi

177 4284 317 4353 Nonnas
341 4283 436 4367 (dixit
453 4290 562 4353 autem
585 4286 625 4352 de
646 4284 794 4353 vocabuli
815 4307 877 4352 usu
891 4283 1067 4353 Nonnieno
1089 4284 1124 4349 in
1136 4282 1352 4353 Meletematis

177 4391 362 4460 Nonnianis
383 4389 398 4456 I
419 4414 450 4477 p.
472 4398 513 4460 25
534 4392 714 4478 Rigleros)‚
734 4399 773 4460 ut
791 4385 945 4470 Ἀστυκίς
966 4386 1254 4546 ὁπλοτέρῖηῂπέλις
1268 4385 1353 4477 ’Ἀρ-
