3425 4934
420 324 443 374 3.
467 313 631 388 λευγαλέας.
656 310 749 387 γύαλα
766 310 914 388 θώρηκος.
935 313 1082 387 ἐπίουρος.
1277 321 1334 382 107

169 489 228 551 τοῦ
249 480 407 569 θώρακος
431 483 551 571 γύαλον
581 482 640 550 όιά
666 483 724 573 τὴν
744 477 922 571 κοιλότητα
944 479 1047 568 λέγει,
1075 474 1113 549 ού
1134 476 1236 565 μέρος
1256 473 1337 561 ἀρι-
1356 484 1403 533 107

168 590 291 673 σμένον
310 597 369 659 τοῦ
390 586 557 679 θώρακος.
599 595 694 672 Quod
714 593 813 659 schol.
836 592 891 658 ΒΙι
912 593 990 659 dicit
1010 591 1113 673 possis
1134 593 1247 676 putare
1269 611 1338 654 esse

171 703 358 787 opinionem
385 704 426 768 ab
447 703 634 769 Aristarcho
656 702 841 781 refutatam,
869 704 989 767 tsmcre
1011 701 1172 784 arreptam
1193 719 1232 763 ex
1253 695 1338 762 eius·

167 810 255 876 modi
285 810 366 876 locis
392 810 496 895 qualis
522 811 575 877 hic
602 815 665 877 est:
695 805 750 875 καί
769 801 845 892 βάλ’
874 804 1093 882 ἐπαΐσσοντα,
1124 800 1228 884 τυχάν
1253 801 1338 867 κατὰ

169 914 278 995 seps
298 906 406 998 τόμον,
434 916 588 1005 θώρηκος
615 911 755 1000 γύαλον,
783 940 857 983 cnm
879 921 987 983 tamen
1008 914 1063 981 nlii
1082 914 1146 981 loci
1166 913 1233 979 sint
1253 912 1338 978 cius·

168 1024 255 1090 mccli
280 1016 365 1106 βάλε
392 1023 534 1111 γαστέρα
562 1022 701 1111 μέσσην,
733 1025 811 1111 ῥῆξε
843 1020 880 1089 δὲ
906 1021 1060 1108 θώρηκος
1088 1016 1228 1106 γύαλον,
1252 1017 1338 1084 κατὰ

167 1133 293 1217 στῆθος
306 1126 410 1213 βάλεν
423 1126 465 1218 ici
478 1129 636 1220 θώρηκος
652 1128 784 1219 γύαλον.
812 1133 951 1218 Reliqua
964 1131 1139 1197 Aristonici
1153 1128 1339 1195 testimonis

167 1243 243 1305 sunt
263 1240 294 1302 Ε
308 1244 375 1309 189.
405 1245 441 1303 N
459 1249 529 1310 507.
564 1244 675 1313 0530.
717 1237 1114 1326 Τ301(κραταιγύαλος).
1147 1237 1186 1305 V.
1208 1235 1339 1301 Passov.

167 1350 202 1441 st
219 1345 359 1414 Pansnn
381 1346 411 1413 X
431 1354 480 1431 26,
502 1357 530 1416 5.

755 1522 867 1529 ›ua-..—

646 1675 853 1767 Ἐπίουρος

582 1835 602 1897 ί.
624 1858 652 1919 φ.
675 1822 784 1918 ούρος,
804 1848 917 1899 custos.

243 1996 421 2064 Herodian
439 2002 474 2061 N
486 2006 548 2069 450
566 1994 678 2087 Κρήτη
693 1995 867 2085 ίπίσυρσνε
885 2003 984 2065 τοῦτο
997 2000 1117 2082 τριχῶς
1135 1988 1336 2079 ἀνεγνώσθη.

161 2100 352 2188 Ζηνόδοτος
364 2103 428 2189 γὰρ
443 2100 488 2184 ὡς
502 2101 690 2190 ἐπίκουρον,
714 2102 929 2190 ἐκδεχόμενος
948 2103 1090 2191 βασιλέα
1112 2102 1169 2170 καί
1189 2095 1338 2190 φύλακα·

161 2210 217 2276 καί
235 2205 452 2295 Ἀρίσταρχος
473 2209 510 2279 δὲ
531 2209 649 2292 σύτως,
683 2209 898 2298 ἐκδεχόμενος
917 2213 975 2280 τὸν
996 2206 1144 2300 φύλακα·
1173 2206 1337 2291 μέμνηται

163 2315 199 2384 ἀί
225 2318 285 2384 καί
314 2311 333 2387 ό
355 2315 506 2402 Δίδυμος
530 2324 588 2410 τῆς
619 2315 817 2400 ἀποδόσεως
844 2319 901 2387 καί
926 2315 1068 2406 Τρύφων
1089 2322 1180 2405 (putn
1199 2318 1235 2383 in
1255 2316 1337 2382 libro

161 2425 238 2510 περί
261 2419 405 2509 ἀρχαίας
426 2421 658 2513 ἀναγνώσεως).
701 2426 807 2497 ἐκεῖνο
834 2426 872 2495 ἀί
893 2423 1116 2515 προστίθησιν
1137 2419 1156 2493 ὁ
1183 2417 1335 2510 Τρύφων,

161 2530 212 2600 ότι
239 2527 258 2602 ό
284 2531 441 2618 ἐπίουρος
467 2529 512 2615 ὡς
540 2532 727 2615 ἐπίσκοπος
756 2530 794 2604 οά
821 2533 955 2614 πάντως
978 2530 1045 2617 ἔχει
1072 2528 1261 2619 ἐγκείμενον
1280 2528 1339 2597 τὸν

163 2634 263 2725 οόρον
283 2642 343 2710 τὸν
361 2640 496 2731 φύλακα
519 2642 603 2710 κατὰ
621 2640 742 2733 ταύτην
759 2643 818 2734 τὴν
838 2638 1016 2711 ἀπόδοσιν·
1037 2639 1070 2708 τί
1090 2640 1151 2727 γὰρ
1174 2633 1339 2706 κεκώλυκε

161 2750 256 2836 παρὰ
269 2748 310 2817 τό
326 2743 395 2835 ὁρῶ
409 2742 497 2818 εἶναι
511 2748 650 2838 ύπίορον
664 2752 722 2820 καί
735 2748 895 2837 ἐπίουρον
915 2750 973 2817 τὸν
994 2748 1191 2835 ἐπιοριῦντα,
1212 2745 1338 2832 ἒιμιλιῦ-

161 2862 247 2924 σθαι
264 2855 303 2923 δὲ
319 2857 378 2923 ύιὰ
390 2857 451 2948 τὴν
465 2855 644 2927 ἕπε’νθεσιν
657 2865 718 2927 τοῦ
732 2886 768 2940 υ,·
790 2859 847 2927 καί
859 2854 955 2949 ἡμεῖς
969 2855 1006 2924 dc*
1020 2853 1338 2942 συγκατατιθέμεθα

160 2961 304 3044 τούτοις.
347 2959 412 3032 εἰσί
437 2964 475 3032 dc*
504 2961 542 3032 οἳ
559 2962 765 3058 ἀνέστρεψαν
791 2966 852 3054 τὴν
874 2961 1055 3054 πρόθεσιν,
1081 2958 1194 3053 Κρήτη
1216 2958 1283 3029 ἔπι.
1318 2957 1337 3028 ό

161 3069 198 3139 δι’
215 3067 465 3163 Ἀσκαλωνίτης
484 3072 665 3161 παρέλκειν
684 3069 813 3166 ἡγεῖται
833 3073 892 3164 τὴν
914 3071 986 3153 ἐπί,
1012 3070 1066 3139 ύιό
1089 3068 1220 3139 καὶτὸν
1241 3065 1338 3136 τόνον
1350 3074 1421 3145 (115)

160 3177 331 3265 φυλάσσει
344 3186 403 3270 τῆς
416 3179 623 3266 προθέσεως,
647 3178 774 3266 ὁμοίως
793 3187 841 3269 τῷ
862 3186 978 3268 ,βοῶν
994 3176 1217 3265 ἐπιβουκόλος
1238 3173 1340 3268 ἀνήρύύ

160 3296 192 3374 (ν
213 3294 303 3375 ινα).

244 3399 347 3485 Apud
369 3397 567 3483 Hesychinm
588 3400 677 3483 (nam
698 3399 865 3485 Apollonii
886 3398 969 3479 loco,
991 3399 1076 3464 unde
1100 3421 1138 3463 ea
1160 3401 1244 3477 sunt,
1267 3418 1338 3462 cor·

162 3505 353 3594 ruptissimo
388 3528 520 3590 prorsus
547 3506 596 3572 uti
627 3528 693 3572 non
719 3507 805 3589 licet)
832 3506 913 3572 haec
940 3506 979 3573 de
1011 3508 1144 3572 accentu
1168 3506 1338 3593 leguntur:

162 3608 340 3698 ίπίουρσςε
361 3605 392 3676 εί
405 3609 466 3695 μὲν
486 3609 815 3699 προπερισπωμένως
835 3612 977 3703 περισσὴ
999 3608 1018 3698 ἡ
1039 3606 1218 3698 πρόθεσις·
1242 3602 1339 3695 σόρυς

161 3718 223 3805 γὰρ
246 3712 267 3787 ό
287 3713 409 3808 φύλαξ.
444 3713 475 3785 εί
497 3716 533 3785 δὲ
554 3716 853 3806 προπαροξυτόνως
874 3719 977 3787 πόλιν
998 3716 1017 3786 ὁ
1040 3718 1157 3808 φύλαξ.
1193 3712 1263 3784 ἀπὸ
1286 3720 1337 3799 ξυ·

162 3821 256 3893 λίνου
280 3823 453 3908 ἐπισύρων.
496 3827 570 3916 Ego
591 3851 657 3894 non
678 3827 841 3915 intelligo,
863 3830 890 3895 si
911 3830 1126 3909 Aristarchus,
1146 3832 1183 3894 ut
1204 3829 1337 3907 videtur,

161 3931 326 4017 ίπισυρος
339 3958 379 4001 ex
394 3925 491 4020 υόρος
509 3937 628 4002 factum
646 3937 782 4021 putabat
798 3939 910 4003 eadem
931 3920 1175 4023 significatione,
1194 3958 1250 4002 cur
1271 3957 1338 4001 non

161 4043 330 4130 scripserit
359 4037 525 4124 ἔπιοόρος.
570 4044 665 4123 Quod
684 4066 750 4111 non
775 4045 863 4126 fecit,
890 4049 1047 4130 quantum
1072 4067 1110 4109 ex
1132 4044 1337 4109 Herodianec

161 4151 286 4216 scholio
310 4150 451 4238 intelligi
471 4151 555 4219 licet.
598 4150 684 4218 Nam
710 4150 848 4218 valuisse
874 4157 982 4219 tamen
1003 4156 1097 4238 putes
1117 4150 1276 4237 regulam,
1301 4154 1336 4218 in
1356 4166 1403 4218 108

162 4280 261 4345 quam
285 4280 363 4324 mox
389 4259 533 4344 proxima
559 4262 669 4324 nostra
695 4258 808 4346 legens
834 4261 962 4346 saepius
990 4259 1128 4337 incides,
1159 4261 1338 4343 composita

161 4368 298 4435 nomina
318 4389 392 4434 cum
407 4367 654 4453 praepositione,
667 4366 724 4433 ubi
738 4366 819 4433 nihil
834 4389 936 4434 novae
950 4367 1195 4455 significationis
1207 4368 1338 4446 accedit,
1457 4428 1459 4435 .
