3425 4934
366 331 403 391 18
647 323 669 378 I.
687 322 728 378 De
745 323 869 378 fontibus
887 323 1029 379 doetrinae
1047 323 1245 378 Aristarcheae.

363 491 395 571 (Ι
417 493 487 572 169)
508 483 544 554 έν
567 512 635 554 τινι
656 493 724 556 τῶν
748 484 984 579 ἠκριβωμένων
1007 486 1202 575 ποιημάτων
1224 489 1255 570 (λ
1275 483 1535 577 ὑπομνημάτων)

363 590 485 682 γράφει
504 599 608 662 ταῦτα
623 595 708 662 κατὰ
732 594 831 677 λέξιν·
853 590 919 676 ,,οὑ
934 591 1004 662 κατ’
1028 591 1188 662 ἐπίθετον
1210 592 1299 681 λέγει
1312 594 1426 682 μέγας,
1451 590 1536 663 ἀλλὰ

361 700 447 786 πρὸς
474 696 728 794 ἀντιδιαστολὴν
756 708 815 770 τοῦ
842 700 954 788 ἑτέρου
981 697 1138 782 Αἴαντος.
1167 700 1247 771 όταν
1268 701 1306 770 δὲ
1326 702 1405 793 λέγῃ
1427 700 1538 783 ,,Ζεός

360 832 403 891 με
429 808 535 896 μέγας
558 806 745 898 Κρονίδηςι
771 805 883 878 οὐκέτι
910 809 963 878 ὅτι
992 810 1050 876 καὶ
1076 808 1188 895 έιερος
1207 808 1326 894 μικρός
1351 808 1457 878 έστι.“
1479 810 1538 877 καί

360 942 436 997 τους
456 911 520 983 ἀπ)
545 913 644 986 αὑτοῦ
670 917 707 985 δέ
725 916 913 1007 χρωμένους
938 915 1025 985 ἔστιν
1046 914 1149 1003 εὑρεῖν
1168 923 1208 1009 τῇ
1229 923 1348 1009 γραφῇ,
1372 914 1536 985 Διονυσό-

361 1027 468 1111 δωρον
494 1025 554 1093 τόν
576 1020 795 1111 Ἀλεξανδρέα
826 1028 883 1092 καί
902 1021 1101 1110 Ἀμμώνιον.
1141 1024 1332 1113 ἐπιλέγουσι
1365 1025 1402 1093 δέ
1427 1022 1535 1093 οὐδέν·

362 1133 416 1200 διδ
439 1130 496 1198 καί
523 1132 583 1211 τὰς
606 1131 786 1222 μαρτυρίας
806 1129 915 1201 αὐτῶν
938 1129 998 1200 οὑκ
1020 1130 1223 1222 ἐγράψαμεν.
1249 1134 1307 1201 καί
1327 1130 1537 1219 Καλλίστρα-

359 1263 416 1317 τος
441 1238 478 1306 δέ
497 1238 533 1307 έν
556 1247 604 1329 τῷ
629 1240 707 1326 περὶ
736 1236 881 1320 Ἰλιάδας
909 1239 1013 1319 οὑτως
1047 1241 1263 1331 προφέρεται,
1299 1238 1383 1308 ῶστε
1419 1239 1537 1325 ὅμοιον

360 1338 512 1434 εἶναιτῷ
532 1346 633 1428 ,,έπεί
653 1347 756 1434 μέγας
776 1343 928 1416 ὠδύσατο
943 1346 1051 1426 Ζεόςέέ
1074 1353 1115 1432 (Σ
1127 1357 1210 1429 292).
1237 1344 1353 1415 οάδέό
1375 1347 1538 1435 oceane

362 1453 399 1519 δέ
420 1456 632 1540 Πτολεμαῖος
651 1457 712 1535 τὰς
725 1454 914 1545 Ζηνοδότου
936 1453 1065 1543 γραφάς
1085 1454 1296 1540 ἐκτιθέμενος
1315 1451 1436 1543 ταύτην
1450 1452 1535 1539 ῶμο

362 1557 455 1648 λόγει
479 1562 668 1651 Ζηνοδότου
694 1556 790 1634 εἶναι,
836 1566 932 1645 (Huic
959 1565 1082 1631 scholio
1112 1566 1229 1631 diserte
1254 1567 1410 1632 additum:
1431 1569 1534 1630 ταῦτα

364 1665 574 1756 όΔίδομας.)

295 1853 350 1993 (²¹¹3
446 1891 516 1970 §2
558 1888 640 1954 Tam
662 1892 830 1976 egregium
850 1890 1067 1974 fragmentum
1082 1912 1147 1956 non
1169 1894 1297 1955 tantum
1317 1894 1356 1954 ut
1375 1895 1462 1955 recte
1482 1891 1534 1955 in·

272 2070 280 2079 ⁸
362 1994 530 2082 telligatur
549 1997 703 2081 postulat,
725 1998 781 2063 sed
804 1997 901 2061 etiam
923 1996 964 2061 ab
987 1998 1075 2061 omni
1096 2001 1187 2082 parte
1208 2002 1245 2062 ut
1258 1997 1407 2062 lectionis
1429 2002 1463 2063 et
1483 1998 1534 2062 in·

362 2104 601 2187 terpretationis
622 2104 701 2169 fides
721 2107 912 2188 praestetur.
954 2103 1026 2168 Hoo
1047 2104 1148 2189 igitur
1167 2106 1306 2188 primum
1326 2126 1470 2188 agamus.

442 2208 605 2289 Σχολικόν
631 2203 781 2297 ἀγνόημα
807 2213 852 2277 sio
878 2211 973 2275 verti:
1008 2233 1113 2289 „error
1140 2211 1299 2276 seholae.“
1339 2211 1533 2298 Plerumque

361 2317 552 2382 adjectivum
579 2316 734 2398 σχολικός
756 2320 803 2383 ita
824 2323 1014 2402 usurpatum
1038 2318 1227 2397 invenimna
1251 2323 1290 2383 ut
1313 2319 1353 2384 ad
1379 2320 1423 2397 id,
1445 2320 1534 2403 quod

360 2425 489 2509 proprie
516 2426 687 2510 signifieat,
712 2427 843 2511 putidae
873 2424 924 2490 vel
949 2425 1111 2490 fastuosae
1132 2424 1318 2510 diligentiae
1339 2426 1470 2491 accedat
1491 2428 1533 2491 si·

361 2531 534 2617 gnffioatio
557 2534 606 2597 uti
634 2534 719 2618 apud
746 2534 882 2619 Longin.
905 2531 992 2599 1115
1014 2530 1125 2595 πολλὰ
1151 2530 1213 2615 γὰρ
1235 2528 1347 2616 ῶσπερ
1370 2528 1406 2596 ἐκ
1423 2532 1534 2618 μέθης

360 2636 446 2715 τινὲς
464 2632 512 2716 εἰς
533 2638 573 2703 τὰ
592 2639 711 2726 μηκέτι
731 2635 1010 2725 τοῦπράγματος,
1034 2632 1108 2703 ίδια
1124 2631 1156 2704 δ’
1180 2633 1305 2704 ἑαυτῶν
1325 2637 1382 2705 καί
1395 2638 1532 2725 σχολικὰ

361 2743 588 2833 προφέρονται
619 2741 728 2834 πάδη.
770 2748 840 2814 X't
871 2741 958 2811 ἀλλὰ
983 2744 1043 2823 τὰς
1073 2742 1197 2832 ἐξοχάς,
1223 2743 1269 2824 ὡς
1290 2741 1331 2812 ἀν
1353 2741 1447 2813 εἴποι
1466 2770 1533 2826 τις,

360 2846 549 2940 ἀριστίνδην
585 2851 829 2943 ἐκκαθήραντες
870 2850 1132 2940 ἐπισυνέθηκαν,
1168 2847 1265 2918 οὐδέν
1309 2853 1477 2941 φλοιῶδες
1512 2848 1533 2943 ἢ

361 2953 503 3042 ἀσεμυου
524 2955 545 3049 ἢ
565 2959 720 3041 σχολικὸν
742 2958 1034 3045 έγκατατάτταντες
1054 2960 1111 3027 διὰ
1132 2957 1245 3042 μέσου.
1275 2961 1370 3030 Dion.
1391 2985 1532 3049 compos.

359 3091 387 3134 v.
414 3067 503 3134 XXH
528 3092 559 3153 p.
582 3075 642 3138 302
668 3068 740 3136 Seli
762 3066 911 3134 ἐνταῦθα
937 3066 957 3159 ἡ
980 3068 1042 3152 μέν
1065 3062 1236 3146 ὑπόθεσις
1268 3062 1388 3159 ἀπῄτει
1418 3069 1532 3136 πολλὰ

360 3174 597 3258 παρασχέσθαι
620 3180 686 3240 τῶν
708 3170 888 3263 εἰρημένων
910 3170 1049 3243 ἑκάστου
1077 3172 1346 3260 παραδείηματα
1374 3176 1430 3242 καὶ
1452 3171 1534 3254 ἴσως

360 3277 420 3350 οὐκ
443 3278 483 3348 ἀν
505 3276 649 3373 ἀηδὴςὺ
681 3279 780 3368 λόγος
806 3281 934 3370 ἐγένετο
955 3283 1096 3361 πολλοῖς
1124 3281 1234 3367 ὥσπερ
1260 3278 1382 3350 ἀνθεσι
1410 3308 1532 3350 πεποι·

358 3389 513 3474 κιλμένος
542 3394 579 3479 <t
608 3388 878 3478 ποικιλλόμενος)
913 3396 983 3470 τοῖς
1018 3386 1188 3475 εἰαρινοῖς·
1227 3385 1299 3456 ἀλλ’
1329 3387 1533 3477 ὑπέρμετρον

359 3494 477 3582 έμελλε
500 3495 717 3588 φανήσεσθαι
739 3498 779 3565 τό
802 3495 971 3584 σόνταγμα
991 3499 1048 3566 καί
1073 3496 1228 3580 σχολικὸν
1247 3499 1378 3583 μᾶλλον
1405 3494 1532 3590 ἣπαρ-

359 3601 608 3692 αγγελματικόν.
651 3608 697 3675 of.
721 3607 843 3674 Gesner
865 3631 891 3676 s.
911 3631 940 3673 v.
976 3608 1065 3675 Haeo
1086 3608 1177 3694 quasi
1205 3609 1382 3674 accessoria
1406 3608 1531 3693 signifi·

359 3717 442 3783 oatio
466 3739 485 3781 a
506 3721 617 3783 nostro
643 3716 717 3781 loeo
747 3716 862 3795 aliena,
887 3717 944 3800 qui
964 3717 1045 3783 illud
1066 3716 1172 3783 solum
1192 3716 1255 3781 fert
1276 3716 1364 3801 quod
1386 3716 1531 3781 diximus.

359 3822 412 3889 Sio
434 3825 551 3890 Athen.
573 3823 699 3892 11183b
721 3819 795 3888 ἐπεὶ
816 3823 873 3888 καί
895 3818 998 3902 ἀλλος
1018 3846 1070 3901 τις
1088 3827 1157 3888 τῶν
1177 3819 1316 3906 ἑταίρων
1339 3814 1424 3888 τοῦτ’
1446 3818 1531 3908 ἔχειν

359 3928 444 3995 οὑτω
466 3932 703 4015 διεβεβαιοῦτο,
727 3926 919 4014 ὁρμώμενος
932 3926 970 3997 έκ
988 3954 1086 3997 τινων
1102 3929 1265 4011 σχολικῶν
1284 3923 1531 4016 ὑπομνημάτων

360 4030 482 4121 ἀνδρὸς
504 4032 564 4104 οὐκ
583 4032 715 4118 ἀδόξου.
760 4040 1016 4107 Commentarios
1037 4039 1166 4105 scholae
1188 4040 1274 4116 dicit,
1298 4039 1330 4105 h.
1353 4062 1379 4105 e.
1400 4038 1530 4105 scholae

358 4145 410 4211 vel
430 4147 695 4214 scholasticorum
714 4149 788 4214 usui
810 4148 996 4225 destinatos,
1016 4169 1082 4212 non
1103 4147 1137 4212 in
1163 4146 1329 4231 publicum
1356 4146 1468 4212 editos.
1490 4185 1531 4194 —

440 4252 509 4318 Καὶ
525 4249 652 4334 δόξειεν
667 4248 708 4319 ἀν
725 4250 792 4321 ὑπὸ
811 4250 992 4321 Διονυσίου
1005 4257 1065 4319 τοῦ
1085 4253 1217 4341 Θρακὸς
1236 4255 1339 4317 ταῦτα
1355 4249 1529 4322 δεδόσθαι.

356 4361 398 4426 Η.
418 4361 440 4430 l.
459 4384 688 4449 nonnunquam
712 4364 926 4449 promptiores
947 4363 1067 4428 fuimus
1086 4361 1127 4427 ad
1148 4359 1350 4428 scribendum
1375 4356 1530 4426 διαδεδό-
