3425 4934
353 303 394 364 26
635 300 655 353 Ι.
674 298 715 355 De
732 298 856 355 fontibus
873 299 1016 356 doctrinae
1034 302 1234 357 Aristarcheae.

353 469 547 534 summum⁸z
568 473 710 535 attamen
731 471 889 554 quaedam
910 493 949 535 ex
962 470 1034 536 istis
1049 471 1194 537 doctiora
1208 475 1285 536 sunt
1299 492 1395 555 quam
1417 471 1521 555 prima

353 577 457 661 specie
471 577 631 643 videntur:
652 577 775 643 habent
790 579 876 644 enim
893 579 1053 643 rationem
1075 600 1148 643 cum
1162 578 1340 643 Aristarchi
1362 578 1521 643 doctrina:

352 683 415 748 alia
429 706 515 749 nunc
529 685 675 751 breviore
694 708 791 769 quam
805 687 845 751 ab
861 686 1002 751 auctoris
1023 708 1122 750 manu
1143 686 1288 770 profecta
1308 689 1398 750 runt:
1420 706 1520 769 quae-

353 791 426 855 dam
447 814 533 856 nunc
554 793 651 857 etiam
672 792 768 856 latius
789 793 935 877 exposita
956 796 1005 875 (ut
1028 796 1057 855 Γ
1079 796 1136 875 18).

435 972 454 1055 ἕ
476 980 504 1037 7.
540 970 617 1037 Non
646 972 856 1037 iniucundum
878 973 1003 1038 videtur
1024 977 1129 1038 totum
1151 996 1248 1058 quem
1268 974 1442 1059 Didymum
1463 976 1521 1040 ad·

350 1078 495 1145 hibuisse
516 1080 692 1145 etiamnum
713 1080 893 1145 invenimus
916 1085 1104 1166 apparatum
1125 1102 1299 1146 recensere.

432 1187 602 1253 Editiones
616 1192 693 1252 sunt
710 1192 838 1273 praeter
854 1188 1076 1253 Aristarcheas
1097 1188 1172 1253 hae:
1194 1188 1281 1270 Chia,
1302 1187 1521 1268 Massiliotica,

352 1295 522 1371 Cretensis,
539 1295 662 1381 Cypria,
682 1294 812 1380 Argiva,
834 1294 986 1380 Sinopica
1007 1300 1046 1376 (v.
1065 1294 1159 1360 Wolf
1171 1319 1200 1381 p.
1215 1294 1391 1377 CLXXVI),
1415 1290 1433 1383 ἡ
1456 1319 1522 1360 πο-

287 1393 341 1460 (30)
354 1396 505 1481 λύσσιχος
525 1407 573 1485 (A
593 1409 663 1471 258.
687 1409 719 1467 Δ
737 1404 816 1486 335),
836 1403 1031 1480 Antimachi,
1052 1403 1185 1482 Rhiani,
1205 1403 1395 1483 Philetae³⁸,
1417 1402 1521 1469 Zeno·

352 1510 429 1591 doti,
441 1509 616 1596 Sosigcnis,
627 1510 835 1589 Philemonis,
846 1511 1080 1595 Aristophanis,
1092 1511 1266 1576 Callistrati
1281 1514 1325 1594 (Γ
1336 1520 1383 1580 18.
1399 1517 1430 1575 Ζ
1439 1519 1522 1595 434),

353 1617 489 1683 Cratetis
509 1616 553 1700 (Ω
575 1621 661 1700 253),
691 1623 761 1684 tum
787 1641 867 1703 quas
893 1619 971 1683 dicit
998 1614 1128 1693 κοινάς,
1157 1612 1331 1700 equoreas.
1371 1622 1522 1688 Aeolicae

353 1724 461 1805 (schol.
492 1724 551 1790 Od.
581 1723 601 1802 ξ
625 1731 695 1793 280.
717 1731 788 1794 331.
814 1746 835 1788 σ
860 1731 913 1810 98)
941 1731 974 1792 et
995 1727 1138 1812 Cyclicae
1166 1728 1221 1808 (ib.
1248 1750 1274 1789 π
1303 1736 1369 1795 195.
1405 1734 1522 1811 025)⁹

307 1837 340 1889 26
352 1832 473 1896 mentio
494 1832 529 1896 in
544 1830 675 1896 scholiis
689 1833 730 1897 ad
748 1833 923 1919 Odysseam
945 1857 986 1899 nc
1009 1834 1122 1899 dubita
1143 1835 1222 1919 quin
1244 1857 1283 1900 ex
1305 1837 1418 1902 eodem
1431 1837 1522 1902 fonte

350 1939 408 2003 sit'
444 1938 673 2004 Commentarii
699 1941 877 2005 Aristarchi
915 1947 947 2007 et
978 1942 1106 2007 scholae
1138 1942 1290 2006 destinati
1324 1947 1357 2008 et
1388 1944 1522 2008 editioni

350 2050 493 2132 paratae,
525 2046 599 2111 inde
631 2047 671 2113 ab
698 2048 768 2113 istis
795 2048 851 2133 qui
872 2050 967 2134 primi
995 2050 1141 2129 dierunt,
1177 2072 1251 2116 cum
1279 2052 1424 2116 nondum
1452 2052 1522 2136 ipsc

350 2156 474 2219 textum
496 2153 659 2232 edidisset,
689 2155 746 2220 sed
767 2157 1011 2221 annotationem
1031 2178 1122 2221 suam
1144 2157 1184 2221 ad
1205 2157 1432 2242 Aristophanis
1454 2159 1522 2224 edi·

417 2406 430 2444 ⁸
464 2402 567 2457 Contra
583 2401 738 2458 Ptolemaei
759 2403 935 2458 Ascalonitae
957 2404 1060 2458 librum
1083 2406 1153 2472 περὶ
1169 2410 1219 2474 τῆς
1236 2401 1270 2461 ἐν
1286 2396 1437 2479 Ὀδυσσείᾳ
1454 2396 1522 2476 llor-

350 2479 478 2556 στάρχου
500 2479 690 2555 διορθώσεως
712 2487 809 2557 (Suid)
830 2488 989 2558 putaverim
1013 2489 1042 2543 in
1060 2488 1246 2543 diiudicandis
1262 2487 1414 2545 Aristarchi
1431 2490 1523 2544 ortho

350 2570 469 2640 graphia
486 2574 515 2626 et
531 2570 693 2626 accentibus
709 2570 829 2626 maxime
847 2578 987 2629 versatum
1004 2573 1095 2628 fuisse.

416 2659 448 2699 ⁸·
466 2652 657 2725 („Dditionem
679 2654 793 2710 Homeri
815 2656 955 2712 Philotam
977 2658 1052 2727 quod
1076 2656 1197 2712 emisisse
1223 2659 1253 2711 et
1274 2655 1324 2711 alii
1344 2658 1471 2712 scribunt
1494 2662 1523 2713 et

349 2741 435 2795 Lehrs
451 2739 534 2794 Arist
552 2757 577 2810 p.
597 2744 629 2795 30
651 2740 682 2794 in
705 2757 738 2794 eo
760 2739 904 2796 falluntur.
945 2742 1042 2812 Neque
1064 2742 1138 2798 enim
1156 2745 1388 2797 commemoratur
1405 2759 1523 2812 usquam

350 2827 366 2895 ὴ
390 2826 543 2894 &stirace
564 2828 593 2879 et
614 2841 710 2879 omnes
730 2825 890 2881 notationes
912 2826 1038 2881 Philotae
1066 2826 1231 2882 Homericae
1259 2826 1297 2880 ad
1326 2825 1435 2882 Glossas
1464 2827 1523 2881 eius

349 2908 493 2964 commode
513 2907 609 2964 referri
631 2911 763 2978 quennt“.
803 2909 988 2980 Sengebusch.
1014 2912 1125 2967 Homer.
1148 2911 1256 2966 dissert
1278 2912 1292 2965 I
1312 2930 1340 2981 p.
1363 2916 1403 2966 53.
1443 2912 1522 2966 Idem

349 3014 376 3065 p.
394 2999 423 3049 31
444 2993 585 3048 Oratetem
602 2994 726 3049 carmina
742 2993 892 3050 Homerica
908 2995 1026 3050 edidisse
1043 2999 1136 3065 negat.
1172 2996 1227 3051 cst.
1250 2995 1336 3051 etiam
1359 2994 1387 3050 C.
1405 2992 1523 3050 Wachs·

350 3079 438 3134 muth.
457 3078 492 3134 de
510 3078 583 3133 Crat.
600 3077 676 3136 Mull.
694 3097 722 3149 p.
741 3081 796 3149 31.)
1416 3120 1419 3126 .

416 3166 429 3206 ⁹
462 3163 496 3217 In
512 3161 711 3218 bibliothecam
728 3162 945 3218 Alexandrinam
966 3164 1099 3219 volumen
1121 3167 1238 3219 venerat
1254 3163 1372 3219 Iliadem
1389 3166 1419 3218 et
1435 3163 1522 3233 Odys·

349 3265 426 3304 seam
442 3264 499 3302 una
516 3263 579 3301 cum
597 3245 708 3315 cyclicis
725 3247 919 3318 complectens
954 3247 1036 3303 Hunc
1059 3247 1269 3304 Homericorum
1291 3247 1445 3303 carminum
1466 3251 1522 3304 tex·

350 3334 411 3387 tum
434 3330 468 3399 (is
488 3329 544 3384 fuit
565 3329 690 3399 fortasse,
718 3330 768 3400 qui
789 3331 820 3386 in
837 3331 892 3386 fine
909 3331 1005 3386 Iliadis
1021 3332 1150 3387 additum
1166 3332 1302 3387 habebat:
1322 3331 1364 3395 ιδς
1381 3327 1413 3386 oi
1427 3322 1455 3401 y'
1472 3322 1524 3398 ἅμ·

350 3418 459 3486 clauos
474 3408 571 3486 τάφον
580 3402 734 3484 Ἕκτορος·
756 3412 830 3487 ἦλθε
852 3407 881 3471 δ’
898 3410 1032 3485 Ἇμσζώκ,
1050 3409 1150 3487 Ἄρηος
1172 3409 1303 3487 θυγάτηρ
1323 3418 1524 3486 μεγαλήιοοος

350 3492 560 3572 σνδροφόκοιο)
576 3499 764 3555 bibliothecae
781 3500 919 3570 praefecti
937 3504 966 3555 et
985 3501 1161 3571 grammatici
1187 3500 1301 3556 nomine
1318 3510 1369 3569 τῆς
1385 3501 1525 3568 κυκλικῆς

351 3579 544 3656 διορθώσεως
566 3583 702 3640 ferebant
725 3616 759 3624 -
781 3583 857 3650 Quae
883 3588 1030 3655 praeterea
1056 3588 1288 3641 commemoratur
1316 3583 1410 3647 editio,
1439 3584 1523 3640 schol.

351 3669 402 3724 Od.
421 3672 438 3734 ξ
454 3672 511 3734 2⁰4,
529 3668 547 3737 ἡ
566 3665 600 3724 ἐκ
617 3669 769 3725 Μουσείου
786 3668 817 3723 in
832 3668 946 3739 Didymi
963 3669 1051 3739 copiis
1071 3687 1213 3726 recensere
1235 3687 1292 3724 non
1313 3685 1425 3739 possum
1442 3667 1480 3737 (h.
1499 3685 1523 3723 e.

350 3754 404 3808 hae
430 3754 539 3808 lacerae
560 3752 695 3823 reliquiae
716 3772 773 3809 non
794 3754 958 3825 terantur),
989 3771 1055 3809 nam
1081 3753 1131 3808 illa
1157 3753 1302 3809 annotatio
1323 3750 1438 3822 Didymi
1466 3769 1524 3807 non

352 3842 406 3904 est3
424 3841 466 3893 est
482 3837 597 3894 fortasse
618 3837 769 3893 Aristonici
787 3838 831 3907 (cf.
851 3839 881 3892 Σ
896 3838 946 3906 39).
981 3836 1023 3892 De
1040 3837 1122 3892 huius
1139 3836 1271 3892 editionis
1288 3835 1400 3893 nomine
1416 3835 1440 3891 si
1457 3836 1525 3891 licet

353 3920 542 3978 coniecturam
558 3922 657 3987 heere,
675 3922 789 3978 honoris
806 3939 904 3977 mussa
926 3921 1011 3992 (sicut
1027 3922 1057 3976 in
1074 3921 1185 3993 templis
1202 3938 1404 3990 nonnunquam
1418 3922 1524 3977 factum

352 4024 410 4063 esse
431 4007 600 4078 accepimus)
622 4008 833 4063 Homericornm
855 4005 1010 4062 carminum
1033 4007 1174 4077 exemplar
1199 4006 1229 4060 in
1250 4006 1393 4060 Musarum
1413 4005 1523 4070 sacello,

352 4091 428 4161 quod
446 4108 510 4146 cum
526 4091 621 4147 schola
638 4092 829 4147 Alexandrina
846 4091 1026 4146 coniunctum
1043 4090 1111 4154 fuit,
1133 4090 1266 4146 asservari
1288 4090 1401 4146 solitum
1419 4108 1477 4146 esse
1495 4094 1525 4146 et

351 4176 405 4230 hoc
425 4176 566 4246 exemplar
582 4175 734 4246 significari
750 4176 917 4247 putaverim.
940 4208 973 4217 —
996 4175 1058 4232 Non
1079 4194 1161 4231 ausus
1182 4194 1244 4230 sum
1271 4174 1370 4231 efferre
1393 4175 1523 4231 chamas

351 4259 482 4315 leontem
516 4260 616 4329 Neque
634 4260 708 4316 enim
725 4279 776 4331 pro
795 4264 871 4316 certo
889 4260 955 4326 scio,
972 4259 1044 4317 sitne
1062 4277 1095 4317 eo
1111 4278 1176 4316 usus
1192 4259 1336 4329 Didymus,
1354 4276 1524 4329 quamquam

351 4344 391 4399 sic
407 4343 537 4400 videatur
553 4361 588 4399 ex
604 4345 638 4400 M
648 4350 711 4411 x231,
728 4362 781 4400 nec
797 4348 907 4401 constat
923 4344 1001 4411 mihi,
1023 4348 1135 4416 praeter
1150 4345 1253 4400 librum
1276 4345 1311 4401 de
1332 4344 1420 4400 Diade
1437 4342 1524 4400 fuerit
