3425 4934
582 314 605 365 θ.
631 302 774 378 ψάμαθος
790 311 821 364 ct
838 299 962 377 ἄμαθος.
1302 312 1359 375 123

189 473 226 543 δὲ
250 474 348 560 λόγος
375 462 472 554 ούτος
496 478 554 561 τῆς
579 470 823 563 θωρακοζσίνης
854 470 902 554 είς
925 471 964 542 τό
989 467 1079 540 καίτοι
1108 470 1211 557 μέρος
1242 467 1359 552 ἔνυξεν.

188 585 233 653 Oi
248 592 310 653 252
321 582 393 664 νύξε
408 579 447 649 δέ
458 607 518 666 μιν
531 580 616 648 κατὰ
628 586 722 668 χεῖρα
737 579 842 671 μέσην
856 576 1005 667 άγκῶνος
1018 576 1170 666 ἔνερθενε
1193 576 1224 666 (ἡ
1243 579 1360 667 διπλῆ)

187 689 240 759 ὅτι
254 684 293 758 ού
309 687 400 777 λέγει
414 684 573 758 ύποκάτιο
586 693 646 757 τοῦ
661 683 820 775 ἀγκῶνος,
845 683 934 755 ἀλλὰ
954 687 1040 754 κατὰ
1060 686 1099 755 τό
1121 683 1238 770 ἔνερθε
1258 683 1360 771 μέρος

186 803 245 866 τοῦ
267 793 417 885 ἀγκῶνος
438 804 551 885 (unten
570 823 623 866 am
640 797 800 887 Elbogon,
823 822 889 867 non
910 798 1082 865 unterhalb
1106 799 1162 864 des
1182 797 1281 881 Elb.)·
1304 792 1360 859 καὶ

187 904 222 974 ἐν
245 910 317 987 τοῖς
342 901 456 974 δπάνιο
484 901 684 996 υἸφιδάμας
709 904 748 973 δὲ
773 903 859 972 κατὰ
886 901 989 993 ζώνην
1010 898 1168 993 θώρηκος
1188 899 1359 987 ἔνερθενῑ.

186 1016 291 1083 Video
305 1017 370 1082 hoc
383 1016 520 1083 fortasse
534 1040 600 1083 non
615 1021 702 1084 recto
727 1017 847 1082 factum
869 1038 948 1103 esse,
969 1015 1057 1101 quod
1079 1007 1182 1100 ζώνην
1204 1005 1360 1098 θώρηκος

187 1124 370 1190 coniunxit:
405 1125 492 1208 quod
516 1130 601 1191 certe
627 1148 693 1191 non
718 1124 942 1190 necessarium.
980 1122 1026 1188 Et
1049 1123 1134 1188 hanc
1161 1122 1301 1206 culpam,
1332 1121 1360 1185 si

187 1254 251 1317 qua
272 1235 329 1312 est
349 1231 525 1297 Aristonici
541 1255 609 1299 esse
632 1254 698 1298 non
712 1231 892 1298 Anistarchi
913 1231 988 1297 inde
1009 1229 1188 1316 putaverim
1210 1228 1298 1314 qnod
1319 1228 1360 1293 ad

187 1339 460 1424 comparationem
481 1340 640 1406 adscitum
662 1343 730 1406 erat
751 1332 902 1423 άχκῶνος
917 1332 1068 1419 Ιἔνερθεν.

269 1446 396 1512 Addam
421 1446 575 1513 hocloco
596 1449 839 1514 annotationem
862 1448 901 1514 de
922 1446 1031 1527 mitra,
1058 1468 1141 1531 quae
1163 1447 1288 1511 servata
1309 1446 1442 1518 estms)

187 1554 228 1619 ad
244 1555 273 1616 Ε
284 1559 344 1621 857
367 1547 497 1618 νείατον
518 1548 553 1631 ἐς
573 1558 726 1635 κενεῶνα,
746 1550 811 1622 όθι
833 1546 1035 1634 ζωννύσκετο
1055 1547 1171 1640 μίτρης
1193 1543 1225 1638 (ἡ
1244 1548 1360 1634 διπλῆ)

188 1656 240 1725 ότι
255 1657 339 1724 κατὰ
354 1656 395 1725 σὰ
408 1658 506 1728 κοῖλα
524 1656 607 1748 μέρη
629 1654 827 1741 ἐζωννύονσο
848 1662 935 1747 (cod.
952 1653 1144 1745 ἕζιόννονεο>
1158 1656 1219 1745 τὴν
1232 1652 1359 1741 μίτραν.

185 1766 243 1832 καί
263 1761 333 1833 ἔστι
355 1766 595 1847 διδασκαλικὸς
617 1765 635 1834 ό
657 1766 760 1847 τόπος
770 1772 808 1837 ⁷⁰.
844 1771 904 1851 (cf.
923 1770 976 1837 Et.
996 1769 1039 1836 M.
1061 1775 1130 1848 589,
1152 1770 1194 1852 9.)

554 2096 755 2186 Ψάμαθος
776 2108 810 2170 et
831 2096 994 2186 άμαθος

185 2249 433 2339 δὼίύιηιιιισειιν.
472 2254 564 2319 Illud
580 2256 739 2343 nc'qnificat
760 2280 892 2321 arenam
911 2254 957 2318 ad
977 2253 1082 2337 ίιλειιο,
1109 2253 1165 2318 hoc
1185 2255 1218 2318 ia
1240 2275 1358 2339 compo.

266 2420 287 2480 Ι
306 2424 366 2488 385
393 2411 468 2484 οὐδ’
496 2414 532 2486 εί
556 2443 617 2504 μοι
641 2413 724 2489 τόσα
751 2414 827 2508 δοίη
857 2416 921 2485 ὅσα
946 2412 1118 2509 ψάμαθός
1141 2441 1177 2484 τε
1198 2411 1288 2496 κόνις
1306 2441 1359 2483 τοι

185 2515 204 2610 ‘i
231 2522 335 2612 διπλη
355 2524 442 2611 πρὸς
461 2524 523 2613 τὴν
545 2527 711 2617 διαφορὰν
729 2531 790 2615 τῆς
810 2520 982 2615 ψαμάθων
1004 2524 1061 2594 καί
1082 2519 1236 2610 άμάθοο,
1260 2521 1314 2593 ότι
1335 2522 1355 2613 ἡ

184 2626 454 2713 περιθαλάσσιος
471 2628 650 2725 ψάμαθος,
672 2629 764 2714 κόνις
778 2632 815 2702 δὲ
836 2628 856 2722 ἡ
881 2631 1004 2713 πεδιὰς
1024 2626 1148 2717 άμμσς·
1170 2631 1228 2699 καί
1249 2626 1360 2710 ούδεὶς

185 2738 218 2821 (l.
240 2733 279 2805 ού
302 2738 365 2827 δίς)
386 2740 424 2809 τό
453 2737 535 2810 αύεό
562 2740 659 2828 λέγει.
700 2748 721 2808 I
739 2751 799 2814 593
823 2738 948 2828 άνδρας
967 2738 1028 2826 μὲν
1049 2736 1228 2819 κτείνουσι,
1255 2734 1359 2806 πόλιν
1377 2740 1424 2793 124

184 2843 223 2912 δέ
247 2870 282 2912 σε
298 2852 365 2935 πῦρ
393 2845 579 2934 άμαθύνειι
608 2847 662 2917 ότι
688 2844 827 2936 άμαθσν
853 2856 961 2917 ποιεῖ·
992 2846 1097 2928 οὕτως
1122 2845 1160 2915 δὲ
1185 2846 1275 2933 λέγει
1298 2847 1359 2934 τὴν

184 2949 387 3039 πεδιάσιμον
413 2954 514 3028 κόνιν.
550 2953 569 3028 ό
593 2957 630 3025 δὲ
650 2952 822 3042 Αἰσχύλος
845 2956 903 3025 ἐπὶ
927 2962 987 3025 τοῦ
1010 2952 1227 3047 διαφθείρειν
1246 2954 1360 3046 ψιλῶς

182 3057 305 3143 σίταχε,
335 3064 413 3153 περί
437 3071 497 3133 τοῦ
516 3060 719 3147 Ἀκταίωνος
742 3064 847 3153 λόχων
874 3063 989 3152 ,μόνας
1014 3060 1226 3153 διημάθονσν
1251 3058 1357 3149 όίνδρα

184 3165 378 3261 δισσόνην“.
421 3177 475 3242 Ad
501 3177 531 3240 Ε
554 3182 615 3246 587
642 3171 762 3243 ἔκπεσε
787 3169 910 3263 δίφρου
938 3166 1107 3257 κύμβαχος
1133 3170 1168 3240 ἐν
1195 3167 1354 3262 κονίῃσιν,

183 3275 241 3344 ἐπὶ
261 3275 404 3364 βρεχμόν
423 3304 460 3347 τε
480 3281 538 3350 καί
559 3275 679 3366 σ’ίμσυς.
721 3280 814 3370 δηθὰ
835 3275 914 3365 μάλ’
938 3275 1070 3369 ἑστήκει
1090 3320 1132 3330 -
1150 3275 1224 3362 τύχε
1246 3275 1307 3367 χάρ
1328 3275 1355 3367 ρ’

185 3379 342 3468 άμάθοιο
358 3384 557 3477 βαθείης-
572 3414 658 3457 nunc
671 3391 847 3458 Aristonici
869 3390 1024 3470 scholion,
1045 3392 1133 3476 qnod
1153 3392 1240 3458 hand
1261 3392 1357 3458 dubie

183 3494 255 3578 fuit,
275 3496 429 3563 amissum
445 3502 503 3564 est.
535 3498 601 3566 Sed
614 3498 707 3565 Euat.
724 3499 787 3565 hoc
807 3499 879 3583 ipso
900 3498 972 3565 loco
994 3501 1038 3583 (p.
1052 3505 1122 3582 584,
1136 3503 1188 3583 37)
1211 3494 1357 3564 ἐνταῦθα

184 3597 222 3667 δὲ
242 3598 305 3687 ὅρα
327 3600 384 3669 καί
409 3599 454 3682 ὡς
479 3598 517 3671 σύ
543 3598 665 3672 ταύσόν
685 3600 856 3694 ψάμαθον
882 3599 989 3671 εἰπεῖν
1009 3603 1066 3671 καί
1087 3598 1240 3690 άμαθον,
1268 3600 1358 3676 ἀλλὰ

183 3703 354 3797 ψάμαθός
374 3706 437 3794 μέν
462 3708 551 3778 ἐστιν
571 3709 591 3800 ἡ
615 3711 672 3780 καί
693 3708 835 3799 ψάμμος
855 3717 892 3797 (μ
913 3718 997 3800 243),
1018 3708 1157 3797 άμαθος
1178 3712 1215 3781 δὲ
1235 3708 1358 3792 κόνειύς

183 3840 217 3882 τι
238 3811 397 3906 φαίνεται
421 3808 507 3886 εἶναι
533 3810 631 3898 είδος.
675 3822 825 3889 Ceterum
851 3822 902 3888 bis
924 3816 1094 3908 ψάμαθός
1115 3823 1154 3889 δε
1176 3847 1273 3890 arena
1295 3826 1356 3890 flu·

183 3925 259 3991 violi
289 3927 407 3994 dicitnr
427 3933 458 3991 Φ
478 3936 549 3998 202.
578 3934 647 3998 319.
689 3928 785 4007 Quod
814 3952 880 3996 non
906 3931 1036 4016 putabis
1063 3930 1114 3996 vel
1140 3951 1275 4016 negasse
1305 3932 1356 3998 vol

183 4034 334 4123 ignotum
360 4036 459 4103 fuisse
486 4036 687 4116 Asistarchm
721 4036 787 4102 illic
815 4037 982 4103 satisfuit
1008 4039 1049 4104 ad
1076 4037 1288 4104 differentiam
1316 4040 1356 4104 ab

179 4215 309 4289 incipere
326 4217 426 4284 solent,
444 4217 593 4274 Aristonici
610 4219 780 4274 sententiam
797 4221 827 4275 in
845 4220 957 4276 bravius
975 4223 1149 4277 contractam
1167 4220 1259 4276 denuo
1277 4238 1357 4292 repe-

179 4300 280 4367 tentia,
297 4300 361 4357 aliis
377 4300 530 4359 tribuenda
547 4319 605 4359 esso
622 4302 790 4360 existimat.¹‘
819 4304 1026 4360 Friedlaender.
1046 4304 1168 4360 Ariston.
1187 4323 1215 4375 p.
1234 4308 1305 4374 19³.)

246 4390 273 4431 ‘1⁰
291 4386 399 4452 „Locus
415 4387 567 4444 clanicna“
589 4418 621 4429 -
640 4388 679 4443 Cf.
697 4390 913 4455 διδασκαλικῶς
930 4388 1050 4445 Ariston.
1071 4394 1169 4446 04³7.
1192 4392 1287 4446 Yam.
