3425 4934
355 301 416 366 288
804 293 853 352 IV.
875 293 917 349 Do
934 292 1072 364 prosodia.

290 476 341 530 292
358 460 464 547 ρλεοτί,
485 483 526 527 ne
547 461 652 527 multa
673 461 816 547 quidem,
837 463 895 529 sed
915 465 1043 529 tontum
1067 464 1225 546 quantum
1245 458 1325 524 hooc
1345 456 1526 542 fingmento

356 567 567 656 flagitanl205.

273 682 345 754 (202)
439 675 559 743 Herod,
581 679 612 740 Β
633 683 694 746 592
715 674 773 743 καί
797 670 924 763 Θρύον,
947 671 1123 765 Ἀλφειοῖο
1149 666 1269 763 πόρον,
1297 670 1354 739 καί
1379 665 1527 737 ἐύκτιτον

356 775 486 849 Αίπύε
504 777 716 869 Ἀρίσταρχος
730 779 777 863 ὡς
790 777 862 866 ὀξύ·
884 779 1165 872 συγκατατίθεται
1179 779 1217 848 δὲ
1231 775 1320 868 αύτῷ
1332 778 1390 847 καί
1400 773 1526 848 Ἀπολ-

357 886 513 976 λόδωρος.
560 888 747 982 Φερεκύδης
773 889 811 959 δέ
839 887 1063 982 όἈδηναῖος
1086 890 1125 958 τδ
1150 888 1211 975 μὲν
1239 884 1389 956 ἐύκτιτον
1413 879 1528 971 κύριον

357 991 465 1082 όνομα
490 997 678 1086 παρέλαβε,
707 999 746 1068 τὸ
775 997 813 1068 δὲ
839 995 922 1067 αἰπύ
949 998 1119 1069 ἐπίθετον.
1163 996 1200 1066 ἐκ
1227 996 1265 1065 δὲ
1292 1001 1353 1065 τοῦ
1378 990 1527 1063 ἐναντίου

355 1102 442 1184 τινὲς
461 1104 499 1173 τό
520 1103 581 1191 μίν
602 1102 751 1175 ἐύκτιτον
769 1103 942 1190 ἐπίθετον,
964 1109 1003 1178 τὸ
1026 1106 1063 1176 δέ
1081 1104 1164 1176 αἰπύ
1186 1100 1301 1192 κύριον
1321 1102 1397 1172 ἐπεὶ
1416 1100 1473 1169 καί
1494 1098 1529 1167 ἐν

358 1206 476 1292 άλλοις
496 1219 546 1298 (Λ
566 1221 639 1301 711)
661 1210 802 1304 εἴρηκεν·
837 1212 932 1297 »ἔστι
958 1215 997 1285 δέ
1020 1241 1071 1297 τις
1091 1211 1262 1302 θρυόιοσα
1287 1207 1390 1291 πόλις
1411 1205 1528 1277 αἰπεῖα

357 1315 513 1410 κολιίνηίί
534 1324 587 1407 (of.
602 1323 706 1392 Stiab.
721 1325 799 1392 VIII
814 1331 898 1411 349),
920 1316 1011 1392 όνῦν
1033 1318 1161 1414 εἴρηκεν
1177 1316 1271 1403 αἰπύ,
1295 1321 1352 1388 καί
1372 1313 1419 1399 ὥς
1438 1311 1529 1385 ἴδιον

357 1422 532 1513 γενόμενον
544 1426 724 1514 βούλονται
737 1436 937 1518 βαρυτονεῖν.
963 1432 1177 1517 Πτολεμαῖος
1191 1428 1231 1498 δέ
1244 1451 1327 1521 φησι
1341 1425 1401 1513 μίν
1415 1421 1530 1512 κύριον

359 1525 508 1603 εἶναιτὸ
536 1531 635 1619 αἰπύ,
666 1532 705 1606 σύ
733 1539 802 1627 μὴν
827 1537 1107 1627 συγκατατίθεται
1131 1544 1180 1627 τῷ
1205 1533 1292 1627 τόνῳ
1319 1529 1457 1628 φάσκων
1484 1528 1530 1610 ὡς

359 1640 413 1712 ότι
432 1642 560 1712 πολλαὶ
573 1639 692 1726 πόλεις
705 1641 924 1739 όμοφωνοῦσι
941 1651 1208 1738 προοηγσρικσῖς,
1218 1643 1381 1725 ‘magno
1404 1636 1531 1727 Αἰγια-

360 1745 428 1830 λός.
470 1751 530 1841 χρὴ
559 1750 675 1838 μέντοι
707 1752 879 1843 γινώσκειν
906 1753 959 1824 ὅτι
985 1750 1219 1843 ἇναλογωτέρα
1241 1748 1425 1840 ἀνάγνωσις
1443 1739 1528 1837 ἦνῆ

359 1863 493 1946 βαρεῖα·
513 1859 556 1927 τὰ
570 1860 633 1948 γὰρ
648 1858 728 1942 είςυ
748 1869 912 1954 μονογενῆ
933 1859 1091 1952 ούδέτερα
1111 1863 1298 1951 βαρύνεται,
1321 1864 1407 1939 πῶυ,
1428 1854 1529 1943 μίδν.
1651 1904 1655 1911 ·

359 1972 460 2035 ταῦτα
481 1965 517 2035 ἐν
534 1972 575 2061 τῇ
594 1967 781 2062 προσῳδίᾳ,
804 1970 862 2040 καί
883 1970 918 2040 ἐν
937 1978 978 2065 τῇ
998 1968 1153 2041 καθόλου
1174 1970 1212 2040 δὲ
1233 1966 1360 2055 ὁμοίως
1379 1961 1531 2056 ἆμφίβο·

360 2076 420 2143 λον
446 2071 526 2146 αὐτὸ
553 2075 602 2167 ἐᾷ.
636 2076 672 2146 ἐν
697 2076 813 2164 μέντοι
832 2085 874 2173 τῇ
894 2086 926 2145 Ζ
942 2085 1004 2169 τῆς
1020 2075 1164 2161 Ἰλιάδος
1184 2085 1270 2165 (422)
1293 2068 1531 2160 διαλαμβάνων

360 2184 438 2272 περί
465 2190 525 2254 τοῦ
553 2181 678 2275 ίιμ,,οὶ
703 2189 764 2272 μὲν
790 2182 913 2267 πάντες
937 2183 980 2277 ἰῷ
1006 2186 1081 2257 κίσν
1106 2184 1237 2279 ἤματια
1264 2188 1416 2276 φανερῶς
1440 2179 1531 2268 λέγει

362 2290 415 2360 δτι
446 2287 660 2383 Ἀρίσταρχος
693 2289 804 2378 δξύνει
836 2296 876 2366 τὸ
912 2291 1014 2378 αἰπύ,
1057 2296 1126 2364 καί
1160 2291 1335 2383 ἐπείσθη
1371 2286 1473 2379 αὐτῷ
1507 2282 1528 2373 ἡ

362 2396 510 2468 πλείων
525 2407 675 2493 χρῆσις.

444 2514 465 2574 Ι
487 2519 545 2581 150
566 2506 793 2602 Καρδαμύλην
811 2507 952 2604 Ἐνόπην
971 2538 1008 2582 τε
1029 2513 1087 2583 καί
1103 2511 1191 2602 Ἱρὴν
1212 2506 1417 2602 ποιήεσσανε
1440 2501 1533 2593 Ἀρί-

345 2620 501 2700 ὀταρχος
528 2612 636 2700 δξόνει
662 2615 788 2705 ὁμοίως
816 2626 864 2710 τῷ
891 2619 1079 2711 ἐπιθετικῷ
1099 2616 1182 2711 ἱρήν.
1224 2615 1288 2688 εἶσί
1315 2617 1353 2687 δὲ
1374 2611 1412 2685 οἳ
1429 2609 1533 2702 βαρύ-

363 2745 475 2793 νουσιν
492 2720 539 2805 είς
552 2720 714 2817 ἰδιότητα,
728 2726 840 2818 ὥσπερ
850 2726 1065 2819 ἐδηλώσαμεν
1078 2728 1137 2798 ἐπί
1148 2733 1209 2797 τοῦ
1224 2724 1363 2817 ,Ῥίπην
1375 2749 1412 2793 τε
1423 2731 1534 2811 Στρα-

363 2830 434 2921 τίην
455 2837 512 2900 τε“
533 2839 577 2921 (Β
598 2844 686 2925 666),
715 2833 889 2928 »Ὄρθηνα
915 2842 970 2925 (ib.
991 2843 1065 2924 739)
1087 2894 1094 2909 .
1115 2895 1122 2908 .
1144 2893 1151 2909 .
1170 2836 1228 2903 καὶ
1254 2830 1360 2903 πόλιν
1385 2830 1453 2919 (ὡς)
1478 2826 1531 2900 ἐπ’

363 2938 498 3010 ἐκείνων
512 2942 669 3030 ἐλέγομέν
688 2971 764 3014 τινα
785 2942 955 3032 όμοτόνως
974 2946 1096 3031 μένειν,
1122 2942 1226 3024 ούτως
1245 2943 1303 3012 καί
1322 2941 1380 3013 ἐπί
1399 2936 1533 3012 τούτων.

363 3046 501 3140 Reliqua
525 3060 616 3141 porte
637 3055 733 3125 huius
755 3057 870 3125 scholii
891 3059 956 3125 inm
977 3080 1074 3143 supro
1093 3057 1145 3124 nsi
1165 3078 1275 3124 sumus
1297 3058 1331 3139 (ξ
1355 3053 1472 3138 12)²⁰⁷.

446 3163 499 3229 Ad
520 3166 541 3227 Ι
558 3170 620 3232 292
642 3160 747 3244 οὕτως
762 3159 850 3252 Ἱρήν
872 3157 1033 3245 ὀξυτόνως
1053 3159 1099 3243 ὥς
1122 3160 1158 3230 ἐν
1176 3167 1217 3255 τῇ
1236 3159 1399 3230 καθόλου.

446 3271 486 3335 In
512 3269 563 3336 his
584 3272 681 3357 paulo
703 3275 796 3340 alitor
817 3273 1020 3340 diiudicanda
1041 3274 1197 3341 adjectiva
1219 3296 1316 3360 qnam
1337 3272 1371 3337 in
1392 3272 1535 3338 virorum

366 3377 560 3445 nominibus,
607 3378 713 3447 Multo
738 3382 823 3448 enim
853 3381 904 3448 vol
925 3380 966 3448 ab
986 3382 1081 3448 initio
1102 3381 1153 3447 vel
1173 3381 1363 3468 plerumque
1385 3378 1533 3465 opposito

282 3498 353 3569 (σοι)
366 3485 567 3552 substantivo
597 3487 695 3566 dioto,
728 3492 799 3555 tum
832 3490 901 3557 sine
930 3491 1133 3557 substantivo
1161 3513 1219 3577 per
1244 3489 1385 3575 ellipsin,
1416 3488 1535 3572 partim

366 3596 493 3659 montes
508 3598 541 3660 ot
554 3594 652 3677 fluvii,
666 3597 783 3682 partim
797 3597 931 3680 insulae,
946 3598 1031 3686 pagi,
1042 3598 1203 3684 regiones,
1222 3597 1350 3684 oppido.
1385 3591 1535 3661 ἐνταῦθα

366 3697 403 3766 δὲ
424 3697 481 3767 καί
497 3699 536 3768 τὸ
558 3700 673 3768 καινὸν
691 3700 814 3787 χωρίον
833 3701 1117 3790 προσαγορευθέν,
1141 3702 1260 3794 ἐρυμνὴ
1284 3701 1342 3770 καί
1363 3696 1537 3784 ἀπότομος

301 3820 350 3871 223
367 3804 473 3893 πέτρα
494 3809 599 3878 Strab.
619 3809 679 3878 XII
701 3820 771 3882 656.
813 3810 936 3901 πικρὸν
955 3809 1045 3898 ὕδωρ
1065 3814 1138 3881 fons
1159 3813 1236 3880 XIV
1257 3820 1326 3882 671.
1365 3803 1537 3898 δψνχρὸς

434 4078 473 4120 ²⁰⁶
489 4076 523 4132 ld
534 4078 603 4133 utile
616 4077 670 4133 erit
680 4095 801 4145 monere,
821 4080 898 4149 quod
916 4098 1001 4153 snpra
1018 4081 1053 4137 de
1071 4081 1262 4153 promovendo
1279 4083 1397 4136 oocentn
1415 4076 1536 4133 diximus

366 4160 495 4217 universo
513 4162 598 4217 etiam
614 4161 645 4216 in
662 4160 705 4216 his
723 4162 824 4219 volere.

436 4247 474 4288 2⁰⁶
491 4245 551 4302 Hoc
568 4263 652 4316 quom
670 4249 736 4317 apto
753 4246 854 4304 offerat
870 4266 946 4305 nnnc
963 4249 1087 4306 iudicare
1105 4266 1257 4321 possumus.

433 4333 472 4374 Μ
489 4330 531 4385 De
548 4330 648 4400 spiritu
664 4329 695 4384 hi
711 4348 769 4387 nou
785 4331 919 4389 videntur
935 4334 1074 4391 dubitare.
