3425 4934
368 323 430 388 236
551 317 599 373 ΙΙΙ.
620 315 662 373 De
679 315 833 374 Aristarchi
849 314 966 373 scientia
982 314 1160 387 antiquitatis
1176 316 1348 374 Homericae

371 487 517 576 Περσικῇ
535 481 617 575 γόζη
630 483 823 563 πολυτελῶς
835 480 1138 567 κατεσκευασμένον
1152 481 1460 569 (Suab.XJ]1p.594
1471 486 1536 568 ¹⁴⁷).

368 594 463 672 Quod
489 595 746 662 Callisthenis
772 615 870 679 opera
894 615 973 659 usus
993 615 1102 660 nonne
1124 616 1162 660 eo
1183 593 1280 676 ducit,
1301 614 1365 678 quo
1387 614 1439 660 me
1457 592 1537 659 haec

365 702 529 788 legentem
546 705 653 770 vocari
669 704 797 769 sentio?
822 700 917 784 Quod
930 701 965 766 in
979 701 1094 767 itinere
1107 700 1170 766 hoc
1185 701 1261 787 egit,
1278 722 1386 767 nonne
1404 701 1536 766 eodem?

285 805 356 878 (²⁴6)
367 810 517 896 Denique
539 812 682 878 eiusdem
697 808 912 888 Callisthenis,
932 809 1023 875 euius
1043 809 1078 873 in
1097 809 1160 875 hoc
1179 808 1311 895 negotio
1329 811 1437 893 partes
1451 829 1535 874 com-

366 923 593 1000 memorantur,
613 917 779 985 molimina
798 918 833 982 in
854 914 1003 1002 catalogo
1024 917 1154 983 navium
1172 920 1327 983 tenemus.
1356 914 1461 983 Strab.
1476 913 1537 980 XII

366 1048 397 1110 p.
419 1033 480 1095 542
503 1021 740 1113 Καλλισθένης
761 1021 798 1090 δὲ
818 1020 877 1089 καὶ
896 1017 1021 1111 ἔγραφε
1040 1020 1082 1089 τὰ
1103 1018 1168 1111 ίπη
1188 1025 1292 1089 ταῦτα
1312 1016 1361 1102 εἰς
1380 1019 1439 1089 τὸν
1461 1014 1536 1088 διό-

367 1153 492 1215 κοσμον
511 1131 596 1216 μετὰ
615 1131 654 1200 τὸ

365 1346 475 1428 τιθείς

448 1451 633 1535 Καύκωνας
647 1450 680 1522 δ’
692 1446 761 1523 αὖτ’
771 1446 1033 1543 ἦγεΠολυκλέος
1045 1448 1117 1533 υἱός
1130 1447 1269 1538 ἀμύμων
1277 1446 1534 1540 (νοΙἍμειβος)·

450 1557 582 1652 οἱπερὶ
602 1560 799 1650 Παρθένιον
820 1559 975 1646 ποταμὸν
995 1559 1097 1628 κλυτὰ
1119 1556 1242 1646 δώματ’
1262 1556 1383 1630 ἔναιον.

366 1667 531 1762 παρήκειν
551 1670 614 1760 γὰρ
630 1665 688 1762 εἶφ’
706 1665 906 1758 Ἡρακλείας
917 1666 976 1735 καί
989 1669 1236 1757 Μαριανδυνῶν
1249 1665 1346 1756 μέχρι
1359 1663 1534 1736 Λευκοού-

365 1804 442 1864 ρων,
467 1771 524 1861 oth
541 1776 637 1869 ἡμεῖς
658 1772 899 1857 Καππώδοκας
918 1772 1219 1864 προσαγορεύομεν,
1242 1770 1281 1845 τό
1302 1800 1338 1842 τε
1357 1779 1424 1842 τών
1442 1780 1534 1842 Καυ-

366 1885 480 1955 κώνιον
501 1885 595 1974 νὲνος
618 1886 657 1956 τὸ
681 1887 762 1974 περὶ
785 1885 824 1955 τὸ
854 1881 967 1953 Τίειον
992 1883 1088 1972 μέχρι
1108 1879 1305 1970 Παρθενίου
1332 1883 1390 1952 καὶ
1411 1881 1450 1952 τὸ
1470 1887 1535 1950 τών

301 2002 351 2054 240
365 1989 500 2063 Ἐνετών
512 1995 550 2064 τὸ
565 1993 693 2078 συνεχὲς
703 1996 787 2081 μετὰ
801 1994 858 2065 τὸν
870 1991 1068 2082 Παρθένιον
1080 1997 1146 2061 τών
1159 1989 1298 2075 ἑχόντων
1310 1991 1349 2061 τὸ
1364 1985 1533 2079 Κύτωρον·

367 2103 424 2171 καὶ
445 2108 500 2170 νῦν
522 2100 554 2171 δ’
578 2100 627 2172 ἔτι
648 2101 865 2183 Καυκωνίτας
885 2095 972 2170 εἷναί
990 2125 1083 2180 τινας
1103 2100 1180 2187 περὶ
1199 2098 1479 2186 τὸνΠαρθίνιον.

448 2215 529 2281 Post
550 2215 780 2282 Callisthenem
800 2215 836 2279 in
861 2215 917 2291 iis,
945 2213 1001 2298 qui
1024 2212 1152 2279 luxatae
1174 2212 1297 2278 scilicet
1318 2211 1534 2298 geographiae

367 2323 511 2389 membra
536 2323 694 2406 corrigere
723 2321 911 2402 studebant,
938 2342 1141 2387 recensemus
1168 2319 1358 2386 Zenonem
1379 2318 1534 2386 Stoicum.

367 2430 534 2497 Menelaus
554 2429 589 2514 (δ
609 2431 661 2516 84)
682 2435 804 2497 narrat:

469 2530 655 2616 Αἰθίοπάς
674 2531 710 2602 θ’
734 2532 852 2624 ἱκόμην
872 2532 929 2603 καὶ
948 2531 1126 2614 Σιδονίους
1145 2532 1203 2602 καὶ
1219 2527 1405 2621 Ἔρεμβούς.
1457 2545 1458 2548 ’

369 2645 455 2713 Zeno
473 2646 687 2733 philosophus
708 2646 805 2714 scribi
825 2641 929 2711 voluit

469 2747 655 2832 Αἰθίοπάς
676 2746 711 2818 θ’
734 2748 853 2839 ἱκόμην
874 2749 932 2817 καὶ
952 2746 1127 2829 Σιδονίους
1139 2743 1292 2837 ’Ἇραβός
1313 2773 1357 2816 τε.

368 2863 473 2931 Strab.
494 2865 511 2929 Ι
528 2886 560 2948 p.
575 2871 624 2931 41.
646 2861 709 2928 VH
727 2886 757 2948 p.
772 2866 841 2930 298.
876 2860 987 2926 Priore
1008 2859 1081 2926 loco
1103 2861 1163 2928 sic:
1183 2855 1261 2942 περὶ
1282 2855 1318 2924 δὲ
1337 2860 1403 2925 τών
1421 2852 1538 2943 Ἐρεμ-

366 2973 436 3054 aar
464 2967 576 3036 πολλὰ
604 2965 665 3053 μὲν
691 2963 835 3056 εἴρηται,
866 2962 1103 3036 πιθανώτατοι
1129 2962 1161 3034 δ’
1185 2961 1267 3033 εἰσὶν
1292 2961 1325 3033 οἱ
1350 2962 1539 3050 νομίζοντες

366 3069 608 3164 τοὺς’Ἀραβας
628 3073 799 3163 λέγεσθαι.
841 3071 959 3165 Ζήνων
981 3069 1014 3141 δ’
1039 3071 1058 3141 ό
1080 3068 1241 3164 ἡμέτερος
1259 3073 1317 3141 καὶ
1337 3071 1461 3164 γράφει
1479 3071 1537 3141 ού-

366 3209 431 3263 τως
444 3178 655 3266 ,,Λῖθίοπός
669 3178 705 3251 θ’
721 3179 840 3273 ἱκόμην
853 3182 911 3250 καλ
923 3179 1098 3262 Σιδονίους
1109 3177 1263 3269 ’Ἄραβάς
1283 3192 1354 3249 τε“.
1384 3180 1455 3270 την
1468 3179 1538 3265 μὲν

369 3285 436 3361 σύν
459 3291 611 3382 γραφὴν
638 3287 707 3359 ούκ
734 3287 883 3380 ἀνάγκη
913 3296 1036 3358 κινεῖν
1061 3288 1242 3358 παλαιὰν
1264 3281 1396 3356 ούσαν·
1426 3285 1537 3356 αἱτιᾶ-

368 3406 454 3470 σδαι
480 3398 517 3467 δὲ
546 3397 679 3486 βέλτιον
703 3398 765 3487 τὴν
788 3403 848 3467 τοῦ
874 3394 1038 3484 ὀνόματος
1067 3394 1293 3485 μετάπτωσιν,
1323 3396 1456 3486 πολλὴν
1479 3394 1538 3465 καὶ

436 3640 473 3682 ¹4²
489 3637 531 3695 De
548 3638 591 3695 ed.
610 3655 644 3692 ex
661 3636 806 3693 narthecio
826 3636 945 3693 alterum
962 3635 1154 3692 testimouium
1172 3635 1317 3693 Plutarchi
1333 3634 1378 3690 Al
1396 3640 1420 3690 8.
1437 3634 1537 3690 Secum

367 3722 492 3795 portavit
508 3726 561 3794 την
577 3713 684 3778 Ἰλιάδα
695 3752 729 3762 ·-
739 3714 954 3793 Ἀριστοτέλους
970 3714 1199 3791 διορθώσαντος,
1219 3712 1304 3791 ἦνέκ
1319 3725 1373 3775 τοῦ
1390 3720 1539 3792 νάρθηκος

366 3811 513 3864 καλοῦσιν.
545 3807 613 3877 (aa.
632 3806 817 3877 Sengabusoh.
834 3806 916 3861 Hom.
935 3805 1041 3863 dissert.
1059 3808 1074 3860 I
1089 3825 1118 3877 p.
1136 3807 1191 3874 71.)
1227 3805 1256 3861 Si
1272 3805 1327 3861 hoa
1344 3804 1430 3861 etiam
1452 3804 1537 3860 fidem

368 3896 490 3949 meretur
511 3910 574 3948 mea
590 3890 685 3963 opinio
705 3891 791 3948 etiam
813 3890 902 3961 magis
926 3890 1112 3946 confirmetur.
1149 3890 1193 3945 Ab
1211 3889 1361 3946 Aristotele
1383 3892 1537 3945 correctam

368 3977 486 4033 Iliadem
502 3994 596 4034 secum
616 3977 725 4032 ferebat
745 3976 776 4031 in
792 3975 900 4040 Asiam,
922 3975 973 4031 ubi
989 3974 1149 4031 Anaxarchi
1173 3978 1202 4032 et
1219 3972 1395 4030 Callisthenis
1414 3972 1479 4044 (viri
1495 3972 1538 4028 hi·

368 4061 469 4117 storiae
489 4064 518 4117 et
534 4059 724 4132 geographiae
742 4058 839 4124 dediti,
857 4060 906 4130 qui
923 4059 1033 4131 scripsit
1050 4061 1224 4130 περίπλουν)
1247 4077 1300 4130 ope
1317 4076 1382 4114 usus
1398 4058 1538 4129 quaedam

369 4150 402 4203 ut
418 4147 488 4202 falsa
503 4146 623 4203 notarit:
641 4146 734 4215 quae‘?
751 4144 804 4200 nisi
822 4145 857 4201 de
875 4144 976 4216 quibus
996 4143 1026 4199 in
1044 4144 1111 4199 Asia
1128 4148 1254 4201 constare
1271 4144 1432 4216 putabant?
1454 4142 1538 4198 Valet

368 4232 422 4287 hoc
444 4233 641 4303 argumentum
662 4228 715 4284 nisi
736 4232 819 4300 putas
836 4227 1014 4286 Aristotelem
1036 4229 1149 4286 omnino
1166 4227 1235 4285 falso
1251 4229 1305 4284 hac
1322 4228 1353 4284 in
1369 4245 1400 4283 re
1417 4245 1537 4284 comma·

369 4317 471 4372 morani
482 4320 568 4387 atquc
579 4315 645 4371 huic
656 4318 690 4370 nt
698 4312 802 4369 notiori
814 4331 831 4368 a
844 4313 1010 4383 quibusdam
1020 4314 1156 4371 tributam
1169 4330 1227 4370 esse
1243 4313 1323 4369 illam
1339 4311 1536 4379 recensionem,

372 4417 445 4471 quae
462 4416 509 4457 eos
527 4404 654 4459 auctores
670 4401 794 4466 haberet,
812 4415 881 4470 quos
898 4402 1027 4457 accurate
1046 4397 1165 4456 tradidit
1180 4398 1289 4456 Strabo.
