3425 4934
356 324 396 386 84
443 317 476 371 Π.
502 317 543 373 Ι)ε
562 316 738 372 Aristarchea
755 316 953 371 vocabulorum
970 314 1180 371 Homerioornm
1196 315 1435 386 interpretatione.

355 479 523 566 δαίμονος·
557 485 603 550 lut
620 488 711 553 1499
726 480 783 549 καί
796 480 857 566 μὲν
871 482 948 561 τοὺς
967 478 1105 547 θυέεσσι
1125 478 1181 547 καί
1201 474 1345 571 εὐχωλῇς
1365 476 1525 571 ἀγανῇσιν

352 588 452 680 λοιβῇ
465 614 501 656 τε
519 586 613 680 κνίση
626 615 662 656 τε
680 584 925 676 παρατρωπώά
944 582 1133 676 ἅνθρωποι,
1158 595 1191 656 et
1211 594 1243 652 Z
1253 596 1323 672 270,
1343 591 1400 657 ubi
1414 590 1523 657 Hecu·

354 698 428 763 bam
441 697 564 766 Hector
579 699 729 766 hortatur
743 690 831 763 ἀλλὰ
847 695 886 763 σὺ
899 694 960 782 μὲν
973 699 1060 783 πρὸς
1076 694 1151 785 νηὸν
1168 690 1353 784 Ἀθηναίης
1373 691 1524 784 ἀγελείης

351 799 443 888 ἔρχεο
473 805 534 871 σὺν
564 806 720 873 θυέεσσιν
746 799 955 872 ἀολλίσσασα
985 801 1127 891 γεραιάς.
1171 804 1209 870 In
1235 804 1299 871 hoc
1323 806 1419 870 etiam
1445 805 1522 870 sub·

279 990 282 997 .
351 913 491 980 stautivo
506 916 591 980 utin
613 909 743 1002 θυηλαί
762 914 983 980 Aristarchum
1005 915 1074 981 sola
1095 910 1294 996 θυμιάματα
1316 917 1349 978 et
1370 907 1523 996 ἀπαρχάς

340 1019 491 1105 'intelligi
505 1021 646 1089 voluisse
667 1044 734 1088 non
756 1022 977 1102 dubitandum,
999 1026 1031 1087 et
1052 1022 1154 1087 sicubi
1175 1021 1209 1086 in
1231 1020 1468 1087 commentariis
1490 1024 1523 1085 et

349 1125 585 1214 lexicographis
606 1129 658 1195 vel
680 1130 765 1215 apud
785 1128 1028 1215 paraphrasim
1048 1128 1188 1194 Bekkeri
1210 1131 1260 1212 (ut
1280 1151 1310 1212 p.
1325 1133 1386 1196 709
1406 1127 1440 1192 in
1462 1126 1521 1191 illo

350 1231 449 1323 λοιβῇ
472 1257 508 1300 τε
534 1231 628 1322 κνίση
652 1259 688 1301 τε
712 1241 769 1319 -)
800 1240 967 1322 praeberes
998 1237 1095 1302 etiam
1127 1235 1371 1320 explicationem
1399 1227 1523 1309 θυσίας

349 1341 529 1409 invenimus
558 1344 621 1410 hoc
649 1367 717 1410 uon
747 1342 839 1408 illum
868 1347 902 1408 et
929 1344 1150 1430 diligentiores
1175 1343 1401 1428 grammaticos
1428 1340 1520 1406 illum

350 1452 477 1514 secutos
502 1450 630 1517 referre.
665 1488 705 1498 -
740 1449 922 1517 Homericis
951 1456 1064 1516 contra
1098 1473 1219 1537 ponam
1252 1449 1332 1515 haec
1357 1449 1521 1534 Apollonii

349 1553 468 1621 Rhodii
489 1554 579 1625 1420
599 1556 697 1643 τήνδε
719 1555 795 1637 δέξο
817 1550 951 1645 θυηλήν
973 1558 1012 1623 de
1033 1560 1140 1625 hobus
1160 1557 1343 1635 immolatis,
1366 1561 1399 1622 et
1412 1554 1444 1621 ΙΙ
1462 1562 1521 1624 156

349 1660 406 1727 καί
424 1655 628 1729 ἀθανάτοισι
650 1661 781 1751 θυηλὰς
800 1660 951 1750 ῥέξαντες
969 1663 1055 1750 μέγα
1076 1660 1203 1753 δόρπον
1225 1658 1433 1753 ἐφώπλισαν.

815 1886 1047 1895 *—

865 2116 1004 2206 Φράζω

663 2292 826 2353 nunquam
847 2283 893 2334 eet
915 2268 995 2352 δίου,
1015 2268 1073 2333 sed
1091 2269 1204 2335 induo.

347 2431 497 2516 Apollon.
520 2430 580 2497 lex.
602 2430 641 2497 Η.
663 2453 696 2516 p.
718 2437 779 2499 658
801 2453 824 2498 s.
847 2428 1034 2521 πεφράδοι;

514 2531 634 2615 πῶςτί
658 2533 721 2616 ι’ίοι,
745 2531 849 2615 εἴτις
870 2540 932 2604 νῶϊ
950 2543 1042 2605 θεῶν
1063 2533 1292 2624 αἰειγενετάων
1322 2538 1324 2541 ’

511 2636 634 2710 εὕδοντ’
658 2637 831 2732 άθρήσειε,
855 2649 970 2712 θεοῖσι
991 2643 1028 2713 δὲ
1049 2651 1134 2713 πᾶσι
1152 2646 1326 2731 μετελθών

510 2747 698 2841 πεφράδοι,·
720 2747 767 2837 (Ξ
784 2758 857 2837 335)
1048 2759 1051 2763 ’

343 2850 534 2947 πεφράδοιτ
564 2855 759 2948 διασημαίΟ.
780 2855 939 2946 μά)νειεν·
972 2854 1052 2928 ὁδί
1081 2855 1209 2928 Ἀπίων
1235 2855 1276 2927 tv
1302 2855 1396 2928 είποι
1426 2863 1517 2945 (illud

344 2955 386 3028 άν
407 2965 578 3032 delendum
600 2970 668 3049 erit,
688 2968 817 3035 Behker
838 2961 989 3047 άνείποι,
1013 2971 1066 3035 uix
1087 2975 1203 3053 recte),
1223 2972 1283 3035 τοῦ
1301 2961 1517 3055 Ἀριστάρχου

344 3073 608 3157 σεσημειιιμένου
624 3070 729 3142 ὅτιτὸ
745 3071 875 3165 φράσαι
890 3068 1053 3143 οὐδέποτε
1069 3074 1126 3143 snt
1145 3081 1205 3169 τοῦ
1227 3069 1333 3142 εἰπεῖν
1352 3072 1516 3143 τάσσεται.

342 3177 389 3246 Ιδ.
409 3203 441 3265 p.
464 3186 524 3250 840
550 3203 575 3247 s.
602 3178 763 3269 φραδέοςι
797 3175 961 3250 οὐδέποτε
986 3187 1047 3250 τοῦ
1073 3187 1217 3274 ποιητοῦ
1244 3179 1301 3249 ἐπὶ
1325 3186 1386 3249 τοῦ
1411 3177 1516 3248 είπεῐν

340 3280 520 3366 τάσσοντες
544 3285 605 3374 τὴν
630 3285 735 3368 λέξιν·
772 3285 891 3375 διόπερ
912 3284 1127 3375 Ἀρίσταρχος
1154 3288 1189 3356 ἐν
1215 3295 1254 3381 τῇ
1281 3295 1310 3355 Ρ
1332 3291 1364 3373 (l
1389 3290 1433 3373 Ξ)
1461 3295 1518 3379 τῆς

338 3384 484 3472 Ἰλιάδος
504 3387 676 3483 ἧθίτηκεν.
711 3395 881 3483 Significat
902 3394 935 3467 Ξ
953 3406 1029 3468 500:

851 3499 870 3571 ὃ
894 3502 931 3570 δὲ
952 3509 1000 3595 φῆ
1022 3503 1163 3572 κώδειαν
1186 3501 1346 3587 ἀνασχών,

492 3606 648 3693 πέφραδέ
669 3632 704 3674 τε
729 3605 878 3696 Τρώεσσι
900 3610 957 3679 καί
978 3605 1155 3697 είχδμενος
1176 3609 1258 3692 ἔπος
1278 3612 1372 3700 ηίδα.

338 3710 411 3779 Ηοο
435 3715 464 3780 si
491 3738 564 3782 cum
594 3718 723 3784 scholiis
753 3723 787 3784 et
806 3719 981 3787 Eustathio
1008 3722 1154 3789 conferas
1163 3724 1205 3803 ⁶⁰,
1232 3724 1349 3789 scimus
1381 3722 1420 3787 de
1439 3722 1514 3787 An·-

339 3821 482 3902 elencho,
512 3846 640 3890 versum
669 3823 824 3913 πέφραδέ
858 3865 896 3875 -
928 3828 1024 3895 obelo
1055 3834 1204 3897 notatum
1237 3853 1306 3896 esse
1332 3830 1513 3895 certissimo

338 3933 538 4014 argumento,
560 3933 647 4015 quod
664 3931 717 3998 hio
737 3955 814 3999 usus
835 3935 925 4000 verbi
948 3931 1087 4023 φράζειν
1107 3940 1148 4004 ab
1170 3938 1313 4004 Homero
1335 3936 1431 4021 plane
1455 3936 1512 4000 ab·

337 4032 490 4117 horreret,
511 4037 663 4118 alterum,
685 4040 776 4105 cuius
796 4064 856 4127 pro
879 4045 989 4128 spurio
1012 4046 1146 4110 notandi
1168 4067 1280 4110 causas
1302 4066 1368 4109 non
1390 4044 1512 4108 videret

357 4269 429 4364 ..⁶⁰
454 4268 539 4325 Error
562 4274 596 4325 ut
621 4270 791 4335 declinetur,
819 4290 931 4331 moneo.
959 4276 1172 4333 annotationem
1194 4277 1223 4332 Σ
1243 4281 1291 4332 253
1319 4294 1375 4331 non
1409 4275 1510 4329 Aristo·

336 4368 392 4406 mor
409 4369 475 4408 esse.
