3425 4934
383 349 442 412 192
563 341 612 398 111.
636 342 677 397 De
696 341 849 398 Aiiuturehi
868 341 986 400 scientia
1003 341 1181 412 antiquitatis
1197 341 1367 397 Homerieue.

382 503 559 593 ’,πόλεμόν
585 533 621 575 τε
640 504 747 598 μάχην
767 520 830 577 τε“
850 514 1002 598 (11351).
1041 504 1065 599 δή
1089 508 1147 577 τὸν
1172 505 1209 575 τέ
1237 502 1418 591 σύνδεσμον
1437 530 1551 591 περιτ-

379 613 438 680 τὸν
461 612 650 700 νομιστέον,
679 611 719 682 ἵν’
747 608 769 709 ᾗ
797 621 891 703 ῥινοῦ
915 622 1006 704 βοῶν
1029 613 1179 684 τουτέστι
1205 620 1271 683 τῶν
1297 609 1461 682 ἀσπίδων.
1502 616 1550 683 cf.

379 727 411 789 Δ
437 729 508 794 448.
537 763 579 776 -
610 726 709 792 Binns
744 727 853 793 hastas
887 732 1020 814 gerunt,
1052 730 1091 792 A
1117 732 1165 797 43.
1192 764 1232 775 -
1261 728 1376 795 0480
1408 720 1461 791 ὅτι
1490 716 1551 789 οὐκ

379 821 467 913 εἶχον
486 826 639 919 κόρυθας
660 828 693 900 οἱ
712 829 856 916 τοξόται.
893 833 950 901 καί
971 831 1029 902 lut
1048 837 1114 900 τῶν
1134 838 1283 920 Λοκρῶν
1303 827 1369 914 „oi
1392 830 1454 918 γὰρ
1475 825 1551 912 ἔχον

379 933 530 1025 κόρυθας
546 939 756 1031 χαλκήρεας“
774 945 823 1026 (Ν
841 946 925 1028 714).
954 982 994 994 -
1021 942 1107 1012 Usus
1128 945 1257 1011 criticus
1277 943 1416 1029 primum
1436 943 1466 1005 B
1481 944 1551 1020 529,

378 1047 434 1115 ubi
451 1051 537 1117 inter
552 1050 615 1118 ulie
628 1049 740 1133 multu,
762 1075 844 1138 quae
866 1051 983 1118 horum
1004 1074 1153 1118 versuum
1174 1052 1391 1137 suspicionem
1411 1054 1552 1127 movent,

379 1161 411 1224 et
431 1156 494 1223 hoc
516 1163 578 1224 est:
609 1161 720 1238 κακῶς
748 1156 786 1224 δὲ
806 1157 864 1226 καί
883 1158 921 1227 τὸ
947 1156 1002 1246 (τὸ
1023 1182 1082 1246 pro
1105 1153 1123 1224 ἀ
1144 1157 1263 1245 Beki.)
1284 1153 1486 1243 λινοθώρηξ·
1518 1149 1549 1220 oi

378 1260 603 1353 γάρἝλληνες
623 1252 684 1334 οάκ
705 1262 847 1353 ἐχρῶντο
868 1267 974 1347 λινοῖς
993 1265 1139 1352 θώραξι·
1161 1262 1220 1332 διὰ
1241 1262 1370 1343 παντὸς
1389 1262 1452 1350 γὰρ
1471 1262 1552 1345 χαλ-

377 1368 558 1454 κοχίτωνας
583 1365 704 1454 αὐτοὺς
728 1372 828 1462 λέγει.
870 1376 942 1457 Quo
972 1376 1114 1463 pertinet
1144 1379 1179 1438 N
1200 1380 1262 1445 439
1288 1367 1322 1461 (ἡ
1350 1371 1468 1460 διπλῇ)
1498 1367 1552 1437 ὅτι

378 1483 496 1570 σαφῶς
514 1479 573 1549 τὸν
599 1476 742 1567 θιίρακα
767 1487 890 1564 χιτῶνα
909 1482 1063 1564 χαλκοῦν.
1102 1487 1139 1547 Ν
1156 1488 1217 1552 372
1238 1475 1271 1572 (ή
1293 1481 1335 1568 δ.)
1359 1476 1414 1549 ὅτι
1432 1479 1553 1562 χαλκοῖ

378 1583 411 1653 οἱ
432 1581 598 1678 θώρηκες·
621 1589 705 1678 πρὸς
723 1589 762 1659 τὸ
781 1583 923 1677 ,,ἀλίγος
941 1586 1003 1676 μὲν
1023 1586 1080 1680 ἔην
1100 1583 1326 1680 λινοθώρηξίῑ.

459 1698 532 1766 Ηοο
554 1701 876 1786 praestantissimum.
919 1703 947 1765 Γ
965 1705 1027 1770 328
1048 1705 1196 1768 narratur
1216 1703 1255 1766 ut
1273 1699 1366 1765 Paris
1389 1720 1478 1764 arma
1499 1698 1562 1762 in·v

378 1806 491 1889 (luerit,
511 1807 672 1894 κνημῖδας
691 1804 752 1891 μὲν
774 1812 962 1894 πρῶτα·-,
987 1800 1138 1894 δεύτερον
1159 1797 1204 1873 αά
1224 1801 1365 1895 θώρηκα
1386 1842 1427 1853 -

418 1919 479 1983 334
501 1906 590 2003 ἀμφὶ
611 1907 644 1980 δ’
668 1906 719 2001 ἀρ’
739 1906 883 1999 ὤμοισιν
904 1911 1027 2001 βάλετο
1048 1911 1147 2005 ξίφος
1168 1907 1373 2003 ἀργυρόηλον

418 2028 478 2089 335
499 2013 655 2103 χάλκεον·
678 2016 784 2111 αάτάρ
807 2018 926 2091 ἔπειτα
947 2017 1051 2102 σάκος
1071 2017 1158 2108 μίγα
1178 2046 1214 2088 τε
1234 2016 1393 2108 στιβαρόν
1412 2044 1463 2088 τε·

501 2127 597 2218 κρατί
618 2124 650 2197 δ’
674 2125 727 2199 ἀπ’
750 2125 888 2223 ἰφθίμην
909 2127 1025 2219 κυνέην
1046 2121 1199 2197 elevator
1220 2124 1342 2219 ἔθηκεν

294 2238 365 2308 (¹9⁶)
500 2238 675 2324 ἵππουριν·
698 2238 808 2308 δεινὸν
830 2236 868 2307 δὲ
888 2233 993 2331 λόφος
1012 2231 1235 2326 καθύπερθεν
1254 2234 1375 2306 ἔνευεν·

499 2346 604 2414 ελλετο
627 2339 660 2413 δ’
684 2341 828 2434 ἀλκιμον
849 2342 953 2434 ἔγχος,
977 2341 998 2414 δ’
1020 2341 1053 2414 οἱ
1073 2341 1275 2437 παλάμηφιν
1296 2341 1425 2434 ἀρήρει.

375 2452 438 2520 Hie
460 2452 644 2523 Zenodotus
670 2480 780 2525 versus
801 2462 872 2526 334.
895 2465 914 2526 5
940 2461 978 2523 ut
998 2456 1124 2543 spurios
1145 2456 1313 2537 reiecerat,
1339 2460 1453 2523 eontra
1473 2460 1548 2543 poet

376 2553 494 2650 ἀρήρει
515 2570 667 2650 posuerat
687 2565 786 2632 hunc:

457 2662 549 2761 ἀμφί
570 2664 602 2737 δ’
627 2665 677 2757 ἀρ’
700 2665 844 2755 ἀίμοιοιν
866 2663 977 2756 βάλετ’
1001 2664 1132 2739 ἀσπίδα
1154 2666 1416 2751 θυσσανόεσσαν,

376 2777 414 2845 δε
436 2800 501 2864 quo
527 2778 784 2849 uindicatur
809 2773 920 2860 „ciam
944 2772 1100 2858 ἐναντίως
1123 2781 1171 2866 τῷ
1193 2771 1365 2866 Ὁμηρικῷ
1390 2773 1548 2866 ὁπλισμῷ

375 2879 472 2967 ἔχειν·
503 2885 570 2972 πρὸ
596 2891 655 2975 τής
674 2881 819 2968 ἀσπίδος
843 2885 906 2974 γάρ
933 2879 1119 2978 φανήσεται
1140 2881 1386 2972 ἀναλαμβάνων
1405 2884 1466 2975 τήν
1486 2910 1548 2953 πε·

375 2993 599 3081 ρικεφαλαίαν
619 2993 678 3063 καί
697 2991 796 3084 ξίφος
815 2993 862 3083 μή
887 2990 1003 3077 ἔχωνίῑ.
1040 2996 1205 3064 Ιλείυλολὶο
1228 2995 1347 3065 Zenod.
1369 3000 1408 3062 A
1421 3000 1470 3078 32,
1491 2997 1547 3062 ubi

374 3102 601 3187 Agamemnon
616 3126 705 3171 arma
722 3105 840 3171 induit:
868 3100 934 3190 πρὸ
948 3106 1010 3193 τής
1027 3101 1296 3194 περικεφαλαίας
1317 3095 1549 3188 ἀναλαμβάνει

373 3206 434 3294 τήν
461 3202 592 3276 ἀσπίδα
617 3206 668 3291 ὥς·
688 3206 729 3277 ἀν
755 3204 799 3278 δι’
823 3205 1024 3299 ἀναφορέειν
1047 3207 1224 3298 χρωμένων
1248 3212 1323 3290 ταῖς
1343 3204 1496 3278 ἀσπίσιν·
1526 3203 1546 3276 ὁ

375 3311 413 3380 δὲ
439 3309 629 3404 Ζηνόδοτος
657 3314 716 3386 ἐπὶ
745 3322 804 3386 τοῦ
825 3311 1046 3405 Ἀλεξάνδρου
1071 3316 1130 3387 τὸν
1162 3314 1332 3404 ὁπλισμὸν
1361 3314 1546 3410 διήλλαχεν.

379 3423 505 3503 0480,
537 3426 594 3494 ubi
614 3425 738 3496 'l'eueer
763 3430 864 3513 erma]
873 3428 985 3495 sumit:
1015 3422 1047 3514 (ή
1072 3426 1191 3517 διπλή)
1217 3423 1271 3497 ὅτι
1297 3421 1460 3516 πρότερον
1486 3426 1547 3516 τήν

374 3523 505 3598 ἀσπίδα
520 3527 668 3625 εἴληφεν,
690 3525 761 3601 εἶτα
774 3535 835 3623 τήν
854 3529 1137 3622 περικεφαλαίαν·
1157 3529 1176 3601 δ
1193 3533 1231 3602 δι’
1244 3531 1433 3623 Ζηνόδοτος
1450 3531 1547 3624 ἐνήλ-

372 3639 471 3724 λαχεν
496 3638 556 3710 ἀπὶ
579 3645 638 3730 τής
660 3636 880 3732 Ἀλεξάνδρου
901 3636 1119 3727 μονομαχίας.
1162 3648 1194 3708 Τ
1212 3649 1272 3714 380
1298 3646 1367 3728 (ubi
1389 3644 1546 3730 Achilles)

373 3745 426 3817 ὅτι
442 3741 619 3837 ἀναλαβών
632 3748 693 3840 τήν
715 3745 846 3820 ἀσπίδα
866 3748 950 3835 μετὰ
970 3754 1074 3817 ταῦτα
1096 3746 1154 3817 δπί
1174 3754 1260 3817 πᾶσι
1279 3751 1341 3838 τήν
1361 3775 1547 3843 περικεφα-

309 3869 357 3922 195
375 3854 475 3924 λαίαν
487 3853 624 3949 τίθησιν
634 3861 687 3931 ¹¹².
708 3859 759 3927 Ex
774 3860 960 3928 Zenodoteu
973 3860 1037 3927 loci
1051 3857 1138 3926 illiue
1155 3860 1366 3927 adornatione
1380 3864 1546 3948 praeterea

371 3964 463 4033 Puris
477 3968 547 4036 siue
567 3969 675 4057 gladio
695 3974 753 4036 est.
797 3969 862 4036 Sed
881 3973 914 4035 et
933 3968 1051 4053 reliqui
1072 3967 1217 4054 gladium
1238 3974 1379 4052 sumunt,
1400 3974 1434 4036 et
1453 3992 1546 4056 prue-

370 4077 459 4141 tereu
480 4077 518 4142 de
541 4099 579 4144 eo
601 4078 761 4144 monitum
781 4077 823 4144 ad
845 4081 876 4140 Γ
888 4082 948 4146 339
969 4066 1015 4153 (iic
1037 4068 1069 4140 δ’
1094 4072 1203 4154 οὕτως
1217 4073 1395 4154 Μενέλαος
1409 4069 1547 4164 Ἀρήϊος

371 4175 448 4247 ἔντε’
465 4177 594 4252 δ’δυνενε
615 4182 667 4251 ὅτι
682 4172 778 4263 οάτος
791 4181 892 4272 ξίφος
905 4177 987 4265 ἔχει·
1009 4176 1040 4249 εί
1061 4179 1098 4249 δὲ
1111 4175 1269 4263 ὡσαύτως
1280 4187 1327 4271 τῷ
1336 4177 1546 4271 Ἀλεξάνδρῳ

439 4401 477 4444 ¹¹2
489 4397 616 4458 Eundem
627 4402 754 4460 ordinem
766 4404 795 4461 in
807 4403 943 4461 armanda
952 4402 1128 4460 Penthesilea
1138 4402 1266 4475 sequitur
1275 4403 1369 4472 Quint.
1381 4406 1472 4463 siud
1486 4409 1543 4460 142.
