3425 4934
608 338 631 391 2.
656 332 697 390 De
714 332 965 403 interuspirationa
1311 335 1371 399 303

205 508 258 569 tur
282 502 322 567 ab
348 499 534 567 Aristarcho
561 500 746 585 neglectum
771 499 881 566 fuisse.
927 499 966 567 V.
991 501 1141 587 Apollon.
1168 499 1228 564 lex.
1253 520 1283 582 p.
1312 502 1372 564 746

206 607 454 695 <147‚10Be.>.
498 605 561 684 Qui
586 629 678 673 secus
705 612 910 689 acceperunt,
935 630 1086 693 praesens
1106 608 1228 673 formae
1248 603 1373 670 mediae

204 716 294 783 serbi
320 707 390 796 εἶμί
418 714 459 780 ad
484 713 728 780 similitudinem
754 714 929 781 formarum
949 708 1022 792 ἔσο,
1045 707 1150 800 ήμην,
1174 708 1294 790 ἔσομαι
1315 710 1372 777 ad·

205 824 348 889 hibuisse
368 823 572 907 perspicuum
590 824 648 887 est
684 820 724 886 V.
738 820 930 888 Eustathius
948 821 1106 890 adv1oe.
1141 819 1261 886 Herod.
1281 819 1372 884 010.

288 933 320 1013 5)
341 931 375 992 Π
391 933 452 997 558
465 929 573 991 κεῖται
587 919 678 1014 ἀνήρ,
700 917 738 1004 ἀς
751 930 883 1008 πρῶτος
897 921 1086 1013 ἕσ-ήλατο
1101 931 1207 1006 τεῖχος
1217 919 1369 1004 Ἀχαιῶν,

206 1029 400 1121 Σαρπηδών.
442 1035 505 1100 Hic
526 1035 616 1101 locus
637 1035 775 1101 advertit
794 1039 938 1100 attentos
959 1034 1094 1101 Homeri
1113 1034 1263 1112 lectores,
1285 1032 1373 1117 quod

206 1165 272 1210 non
294 1142 513 1226 Sarpedonem
540 1142 597 1208 sed
621 1141 795 1208 Hectorem
823 1142 960 1226 primum
985 1143 1020 1206 in
1047 1140 1242 1208 Graecorum
1266 1138 1373 1204 muni·

207 1255 318 1317 menta
344 1249 507 1315 insiluisse
535 1252 630 1314 autea
656 1253 754 1334 poeta
778 1250 938 1315 cecinerat
958 1252 1001 1312 M
1021 1252 1081 1316 437
1103 1242 1183 1330 πρίν
1203 1240 1229 1330 γ’
1254 1241 1372 1331 δτεδή

207 1356 291 1435 Ζεὺς
303 1348 736 1440 κῦδοςῦπέρτερονἛκτορι
750 1353 865 1432 δῶκεν,
888 1351 1073 1443 Πριαμίδη,
1096 1344 1134 1432 ἀς
1148 1356 1280 1436 πρῶτος
1300 1345 1375 1439 ἐσή-

207 1463 287 1530 λατο
312 1466 419 1543 τεῖχος
437 1456 581 1543 Ἀχαιῶν
602 1465 636 1528 et
655 1468 717 1531 462
740 1455 758 1527 δ
782 1454 814 1527 δ’
837 1453 888 1544 ἀρ’
912 1456 1036 1544 ἔσθορε
1062 1456 1226 1550 φαίδιμος
1238 1456 1374 1541 Ἕκτωρ.

208 1571 255 1639 cl
270 1577 330 1640 465
352 1562 413 1634 οὖν
435 1561 476 1634 ἀν
496 1563 547 1646 τίς
566 1591 625 1649 μιν
647 1561 804 1651 ἐρυκάκοι
825 1561 1058 1655 ἀντιβολήσας,
1083 1562 1185 1657 νόσφι
1205 1570 1304 1653 θεῶν,
1326 1558 1372 1633 ὅτ’

208 1675 327 1744 ἐσᾶλτο
349 1671 464 1753 πύλας.
507 1675 726 1761 Sarpedonem
751 1680 864 1742 contra
891 1676 1015 1741 dixerat
1039 1675 1264 1743 tantammodo
1290 1674 1374 1739 muri

204 1786 321 1871 pinnas
346 1784 485 1869 primum
512 1783 708 1849 disturbasse
734 1784 777 1845 M
797 1788 857 1850 397
883 1778 1070 1870 Σαρπηδὼν
1096 1775 1128 1846 δ’
1156 1773 1207 1863 ἀρ’
1235 1775 1374 1860 ἔπαλξιν

205 1886 288 1956 itale
300 1887 390 1972 χερσί
403 1892 596 1978 στιβαρῇσιν
611 1882 688 1969 ἕλχ’,
711 1883 732 1974 ή
749 1881 781 1953 δ’
799 1884 919 1955 ἕσπετο
936 1892 1029 1955 πᾶσα
1043 1884 1233 1975 διαμπερές.
1269 1888 1374 1966 Quare

206 1998 367 2078 nonnulli,
399 2001 496 2082 atque
528 1998 563 2062 in
590 1996 642 2062 his
671 1996 836 2082 Lysaniam
869 1998 1094 2080 grammaticus
1125 1997 1375 2082 antiquissimus,

205 2104 431 2173 Eratosthenis
452 2104 606 2189 magister
627 2102 728 2186 (Suid.
750 2126 774 2170 a
794 2096 885 2187 Ἤρ),
912 2125 951 2169 eo
972 2104 1057 2184 loco,
1084 2105 1123 2170 de
1144 2126 1209 2190 quo
1232 2103 1374 2187 disputa·

205 2235 291 2292 mns,
314 2211 542 2278 intellexerunt
563 2204 743 2296 ἐ-σήλατο,
769 2211 799 2276 h.
823 2232 849 2275 e.
871 2212 1046 2290 concussit,
1073 2210 1212 2277 asorbo
1234 2210 1375 2295 quodam

205 2311 404 2383 σάλλεσθαι.
447 2316 501 2384 Sic
530 2318 616 2382 enim
640 2316 728 2382 hand
756 2317 852 2384 dubie
879 2318 1062 2399 voluerunt,
1092 2322 1130 2382 ut
1156 2310 1266 2393 πάλος
1286 2312 1374 2380 πάλ-

206 2423 330 2489 λεσθαι
350 2427 391 2506 (v.
412 2424 562 2509 Hesych.)
584 2423 630 2489 sic
651 2416 981 2501 arrogantiorem,
1009 2447 1076 2490 non
1096 2418 1226 2502 σάλειν,
1256 2444 1322 2489 uno
1344 2420 1373 2505 λ,

207 2535 245 2596 ut
265 2531 350 2615 apud
370 2530 578 2597 Eustathium
605 2531 760 2616 scriptum
781 2535 838 2597 est
880 2530 949 2597 Iam
973 2531 1077 2616 ipsam
1099 2531 1319 2597 difficultatem
1341 2533 1375 2595 et

208 2658 272 2721 quo
287 2641 382 2722 pacto
404 2636 608 2703 dissolverint
627 2638 734 2703 serbis
747 2637 924 2703 Herodiani
945 2640 1066 2724 accipe:
1084 2631 1297 2720 Ἀρίσταρχος
1317 2632 1374 2700 καί

207 2738 240 2808 οί
260 2736 319 2808 ἀπ’
342 2736 443 2809 αὐτοῦ
459 2742 645 2823 δασύνουσι,
668 2739 844 2821 Λυσανίας
863 2741 1072 2832 (Πορφίριος
1085 2744 1182 2829 Vm)
1205 2739 1242 2808 δί
1261 2740 1370 2831 ψιλοί,
1385 2750 1456 2822 (320)

205 2847 403 2937 προσνέμων
422 2848 461 2916 τὸ
483 2855 568 2937 orni
586 2873 620 2936 η·
642 2844 819 2917 σάλασδαι
839 2852 874 2936 (l.
895 2844 1069 2938 σήλασδαι
1097 2874 1170 2918 cnm
1189 2849 1375 2933 Eustachio)

206 2955 266 3042 γάρ
289 2977 372 3044 φησι
392 2951 565 3043 σημαίνειν
583 2955 623 3024 τὸ
645 2951 808 3024 ἀποσπᾶν
834 2956 893 3024 καί
913 2953 1072 3026 σαλεύειν.
1115 2951 1193 3023 ὁδί
1213 2952 1376 3033 σαλείσας

205 3066 337 3147 πρῶτος
366 3060 405 3131 τὸ
430 3066 536 3145 τεῖχος
559 3062 744 3151 Σαρπηδών
771 3061 875 3143 ἐστιν,
907 3058 926 3130 ὁ
956 3061 993 3130 δὲ
1018 3058 1222 3152 εἰσπηδήσας
1238 3059 1374 3143 Ἕκτωρ.

207 3169 288 3259 φησί
308 3174 398 3257 γοῦν·
420 3170 631 3257 ,Σαρπηδὼν
653 3165 685 3236 δ’
708 3167 847 3252 ἔπαλξιν
868 3167 952 3239 ἑλὼν
971 3169 1062 3255 χερσί
1081 3174 1277 3260 στιβαρῇσιν
1296 3164 1372 3252 ἕλχ’,
1390 3182 1440 3235 ³08

208 3276 228 3364 ή
252 3271 283 3344 δ’
302 3274 421 3345 δ’σπττο
440 3280 573 3343 πᾶσαιί·
599 3275 657 3345 ἐπὶ
677 3276 794 3346 δίνου
806 3277 964 3362 Ἕκτορος
985 3279 1087 3366 ,ῥῆξε
1109 3273 1141 3344 δ’
1166 3272 1377 3366 ἀμφοτέρους

207 3380 387 3468 θαιροίςίί,
410 3373 481 3450 εἶτα
495 3381 650 3473 ἐπιφέρει
665 3380 709 3463 „cl
725 3379 757 3451 δ’
774 3380 899 3469 ἔσθορε
913 3382 1245 3476 φαίδιμοςἛκτωρ“.
1281 3376 1377 3466 ἀμει-

208 3515 264 3558 νον
293 3490 330 3558 δὲ
354 3486 545 3557 πείθεσθαι
562 3485 766 3579 Ἀριστάρχῳ
788 3488 978 3580 δασάνοντι,
1006 3490 1205 3573 ἐκδέχεσθαι
1231 3488 1269 3557 δὲ
1288 3487 1378 3578 ημᾶς

209 3595 362 3677 οίττοςτὸ
381 3593 535 3686 ἐσήλατο,
557 3595 610 3664 ὅτι
631 3603 762 3684 πρῶτος
782 3593 934 3690 ίφήλατο
956 3597 1013 3666 καί
1034 3596 1225 3688 ἀπεπήδησε
1241 3601 1290 3683 τῷ
1309 3594 1377 3662 τεί-

206 3727 267 3785 χει.
296 3701 370 3789 [ὅρα
389 3708 467 3791 γοῦν
488 3701 533 3784 τίς
553 3699 612 3773 oris
635 3696 709 3772 ελπε
731 3711 863 3791 πρῶτος
884 3706 1039 3794 διῆλθεν·
1063 3699 1082 3774 δ
1102 3703 1163 3789 μὲν
1177 3702 1239 3790 γὰρ
1251 3699 1376 3786 Ἕκτωρ

209 3814 342 3897 πρῶτος
362 3811 519 3898 διῆλθεν,
548 3807 566 3879 δ
590 3810 627 3878 δὲ
647 3813 833 3903 Σαρπηδὼν
853 3819 983 3898 πρῶτος
1003 3809 1154 3902 ὥρμησεν
1174 3807 1232 3879 ἐπὶ
1250 3809 1288 3879 τὸ
1310 3815 1377 3878 τεῖ-

208 3936 279 3998 χος·
316 3913 387 3996 ,,ὡ’ς
410 3922 453 4002 ῥα
477 3912 541 3986 τδτ>
575 3913 734 3986 ἀντίθεον
760 3915 962 4010 Σαρπηδόνα
993 3919 1103 4004 θυμὸς
1135 3914 1237 4008 ἀνῆκε
1272 3922 1379 4000 τεῖχος

276 4118 316 4160 ”8
331 4116 441 4172 Nomen
451 4117 607 4189 Porphyrii,
625 4136 710 4189 quem
721 4119 796 4176 hunc
812 4120 905 4177 locum
920 4120 1020 4176 eadem
1035 4119 1145 4175 ratione
1161 4119 1378 4189 interpretatum

210 4218 268 4258 esse
284 4200 448 4257 Eustathins
468 4203 547 4265 testis
564 4208 607 4259 est
622 4223 649 4274 p.
672 4209 747 4269 loss,
770 4207 974 4260 commentator
997 4205 1080 4275 longe
1097 4202 1315 4265 recentissimus,
1333 4200 1378 4257 cni

210 4286 314 4342 scholia
326 4286 353 4341 V
366 4285 512 4351 debentur,
529 4303 581 4358 pro
598 4287 721 4357 Lysania
736 4288 828 4344 minus
844 4287 898 4343 sibi
915 4287 1027 4358 cognito
1045 4286 1199 4344 substituit.
1229 4285 1378 4357 Porphyrii

80 4406 87 4419 ·
210 4374 253 4426 est
269 4370 390 4427 alterum
407 4370 532 4425 scholion
547 4371 577 4425 in
594 4370 710 4428 Venetis
726 4372 763 4427 ad
780 4373 808 4430 h.
825 4373 843 4427 l
