3425 4934
335 335 359 388 5.
388 328 430 384 De
447 326 585 399 perversis
601 328 821 400 chorographiae
838 328 919 384 Hom
937 327 1222 400 interpretationibus.
1301 334 1362 397 237

197 489 406 561 ἐπιπολαίαν
424 485 527 562 οὖσαν
547 492 583 562 ἐν
602 499 690 562 πᾶσι
709 499 780 574 τοῖς
799 490 934 563 ἔθνεσιν
946 497 998 565 ¹⁴⁸.
1027 496 1129 564 Stoici
1149 496 1293 584 vestigiis
1313 496 1364 561 in·

195 603 280 670 stitit
294 603 445 685 Grates,
467 606 506 670 de
522 627 588 691 quo
607 608 671 672 iam
686 605 864 686 dicendum,
884 606 971 691 quod
990 606 1028 671 de
1043 603 1239 671 Callimacho
1254 604 1363 689 aliquo

194 711 269 778 loco
283 712 517 798 Apollodorus:
536 714 607 790 τοῖς
626 708 686 795 μὲν
708 704 826 790 όίλλοις
840 707 1031 799 συγγνώμην
1045 702 1141 790 εἶναι,
1158 706 1364 796 Καλλιμάχῳ

197 815 233 883 δὲ
259 816 305 906 μὴ
333 817 435 900 πάνυ,
465 817 796 908 μεταποιονμένηι
823 844 865 906 γε
892 822 1181 909 γραμματικῆς.
1220 819 1270 885 De
1296 816 1445 888 for-(²⁴⁷)

194 950 248 993 ma
267 932 371 994 terrae
393 929 523 1014 qualem
544 928 646 997 Stoici
667 933 701 995 et
718 929 829 996 Grates
849 930 913 997 sibi
932 930 1084 996 finxerint
1104 933 1138 995 et
1157 932 1195 995 ut
1214 928 1364 994 Homeri·

197 1057 252 1102 cos
271 1035 370 1116 locos,
392 1038 526 1131 ethaeo
547 1038 587 1103 de
608 1036 749 1104 Menelai
770 1038 932 1104 erroribus
954 1041 988 1105 at
1008 1038 1083 1119 alia,
1108 1036 1253 1103 adhunc
1273 1057 1364 1101 suam

195 1144 370 1229 imaginem
384 1145 702 1224 accommodaverint
723 1147 880 1231 quaedam
895 1169 998 1232 nuper
1010 1147 1093 1211 bene
1111 1144 1261 1231 exposuit
1278 1142 1365 1208 Lub-

195 1239 268 1318 lrert
294 1253 329 1317 in
354 1252 438 1317 Mus.
459 1252 563 1320 Rhcu.
584 1277 611 1318 a.
638 1258 715 1321 1857
743 1254 778 1319 in
805 1253 1086 1320 dissertatiuncula
1114 1252 1269 1337 iuscripta
1293 1271 1366 1330 „zur

198 1359 452 1425 Charaktoristik
488 1361 544 1427 des
575 1359 691 1427 Krates
723 1384 787 1426 von
821 1361 965 1429 Mallos“.
1013 1360 1109 1439 Quod
1137 1360 1178 1425 ad
1207 1358 1366 1425 Erembos

201 1468 319 1534 attinet
339 1468 450 1535 Crates
470 1489 530 1553 pro
552 1467 702 1535 Erembis
728 1470 905 1554 quaerebat
924 1491 990 1535 non
1012 1469 1137 1535 Arabas
1160 1466 1288 1552 quidem
1310 1464 1367 1529 sed

194 1566 384 1660 Ἐρεμνοός,
407 1576 470 1643 ἰα
490 1580 586 1656 atros,
605 1574 703 1642 Indos
723 1576 909 1663 intelligens
931 1579 971 1658 (v.
984 1576 1125 1659 soh.¹⁴⁹).
1160 1574 1225 1641 Alii
1240 1565 1366 1656 ’Λροίμ-

195 1684 290 1764 dccc,
320 1681 455 1749 fortasse
481 1682 584 1748 ulad
610 1684 734 1749 Arabas
766 1683 900 1770 propius
926 1684 1123 1749 accederent.
1169 1681 1259 1747 Haec
1283 1681 1365 1746 ratio

196 1789 376 1855 Homemm
398 1791 438 1856 ad
459 1790 702 1857 similitudinem
723 1792 911 1876 posterioris
933 1791 1088 1876 temporis
1105 1789 1367 1855 accommodaudi

198 1921 262 1983 quo
290 1898 405 1964 ducere
435 1898 582 1965 debuerit
607 1899 671 1963 iam
703 1921 741 1964 ex
766 1899 807 1964 iis
834 1922 917 1984 quae
939 1898 1043 1965 adhuc
1065 1898 1295 1983 disputavimus
1316 1897 1367 1960 in·

198 2006 305 2093 telligi
333 2010 451 2091 potest
493 2008 647 2071 Attamen
670 2006 817 2093 exempla
841 2007 998 2074 habemus
1020 2005 1113 2091 quasi
1133 2004 1175 2071 ad
1196 2005 1369 2071 dehortan-

199 2114 275 2179 dum
298 2115 452 2199 exposita.
490 2113 527 2179 11.
545 2116 577 2177 B
595 2120 655 2183 508
676 2137 786 2180 versus
807 2118 870 2180 est:

339 2215 451 2286 Νῖσοίν
470 2243 506 2286 τε
529 2217 654 2308 ζαθέην
672 2214 866 2309 Ἀνθηδόνα
885 2215 912 2287 τ’
936 2216 1154 2303 ἐσχατόωσαν.

196 2328 257 2398 llla
281 2328 364 2397 Nisa
391 2328 517 2414 aliquot
549 2328 685 2395 saeculis
709 2333 786 2417 post
813 2351 975 2415 nusquam
1002 2334 1079 2397 erat
1122 2329 1208 2408 Quid
1226 2329 1368 2415 agitant?

197 2436 314 2504 Strabo
335 2434 381 2502 IX
400 2459 430 2521 p.
452 2444 512 2505 405
533 2430 676 2524 πλησίον
698 2430 730 2502 δ’
754 2433 841 2503 ἐστὶν
860 2430 1066 2525 Ἀνθηδόνος
1086 2432 1290 2525 ἱεροπρεπὴς
1309 2428 1367 2502 τό·
1383 2446 1431 2499 241

198 2567 263 2621 πος
281 2546 342 2630 τῆς
362 2538 543 2622 Βοιωτίας,
566 2538 637 2631 ἴχνη
659 2541 790 2623 πόλεως
808 2539 905 2625 ἔχων,
929 2538 949 2612 ό
971 2540 1176 2629 καλούμενος
1187 2539 1287 2623 'loca
1310 2566 1366 2610 σο·

199 2646 345 2718 στέλλων
368 2647 430 2740 τὴν
450 2645 583 2738 πριότην
604 2650 780 2740 συλλαβήν.
822 2646 952 2719 οἴονται
973 2649 1013 2720 δέ
1031 2677 1118 2732 τινες
1139 2653 1207 2719 δεῖν
1228 2645 1369 2742 γράφειν

331 2749 422 2826 Ἴσον
442 2782 478 2825 τε
497 2754 623 2847 ζαθέην
641 2752 833 2848 Ἀνθηδόνα
852 2754 880 2825 τ’
905 2756 1124 2843 ἐσχατόωσαν,

198 2862 395 2945 ἐκτείνοντες
424 2865 485 2955 τὴν
515 2862 649 2957 πρώτην
676 2864 844 2955 συλλαβὴν
872 2871 1056 2956 ποιητικῶς
1084 2866 1207 2938 διὰτὸ
1235 2863 1365 2952 μέτρον,

198 2968 273 3040 dni
293 2978 354 3041 τοῦ

341 3075 452 3149 Ν”ωοίν
472 3106 507 3149 τε
529 3078 654 3172 ζαθέην
675 3123 724 3153 -.

198 3186 219 3279 ἡ
243 3188 305 3277 γὰρ
320 3195 412 3259 Nico
433 3184 585 3276 οὐδαμοῦ
606 3188 762 3279 φαίνεται
782 3195 843 3282 τῆς
859 3191 1034 3273 Βοιωτίας,
1057 3188 1103 3271 δίς
1122 3214 1225 3280 φησιν
1241 3185 1368 3259 Ἀπολ-

200 3300 349 3387 λόδωρος
369 3298 404 3367 ἐν
424 3298 593 3386 τοῖςπερὶ
613 3303 707 3367 νεῶν·
730 3296 817 3384 (ὥστ’
841 3294 903 3368 οὐκ
924 3294 978 3387 ἐν)
1000 3293 1068 3389 εἴη,
1088 3294 1184 3388 εἰμὴ
1204 3294 1369 3389 τὴνἼσον

201 3403 305 3487 οὕτως
326 3402 462 3497 εἴρηκεν.
504 3398 546 3496 ἦν
566 3405 629 3494 γὰρ
645 3407 676 3496 (ἡ
689 3401 781 3487 ’Ἰσος
793 3407 894 3488 πόλις
908 3405 943 3475 ἐν
956 3412 1008 3499 τῇ)
1030 3411 1219 3499 Μεγαρικῇ,
1240 3404 1371 3475 ἐκεῖθεν

200 3509 417 3605 ἆπῳκισμένη
438 3508 647 3603 πρόσ(χωρος
665 3519 726 3583 τοῦ
747 3520 990 3605 Κιθαμριῦνος,
1013 3512 1225 3583 ἐκλέλειπται
1247 3512 1284 3581 δέ
1304 3518 1371 3585 νῦν.

199 3622 287 3704 τινές
307 3622 344 3690 δέ
364 3617 534 3714 γράφουσι

344 3724 498 3816 Κρεῦσόν
517 3752 554 3796 τε
576 3727 712 3819 ζαθέην,

199 3838 259 3929 τὴν
281 3843 334 3906 νῦν
354 3836 528 3923 Κρέουσαν
549 3833 720 3923 δεχόμενοι
740 3837 778 3906 τὸ
804 3844 871 3905 τῶν
895 3837 1069 3908 Θεσπιέων
1096 3836 1242 3908 ἐπίνειον
1268 3836 1371 3927 ἐντῷ

200 3943 375 4036 Κρισσαίῳ
394 3942 512 4036 κόλπῳ
533 3942 722 4032 ἱδρυμένον·
745 3941 845 4015 όίλλοι
862 3945 900 4015 δέ

349 4050 463 4145 Φηράς
481 4078 518 4121 τε
542 4052 670 4136 ζαθέας
690 4097 739 4125 -.

271 4328 309 4367 ¹⁴8
324 4315 481 4395 Ἕρέμβονς
497 4341 549 4395 pro
566 4324 667 4379 Arabis
685 4322 757 4379 dixit
773 4325 873 4379 auctor
889 4323 992 4394 Cyneg.
1011 4326 1036 4378 A
1055 4326 1112 4380 172.
1130 4326 1157 4378 Γ
1173 4328 1213 4380 29.

271 4412 309 4452 ¹⁴⁹
326 4407 367 4466 (li
385 4408 421 4463 de
438 4407 550 4464 cratete
566 4409 625 4465 sch.
643 4428 662 4480 y
678 4414 736 4468 293.
