3425 4934
581 335 604 386 ³.
630 330 783 386 Aristarchi
801 331 995 402 etymologiae.
1312 338 1370 401 143

197 501 257 564 351
286 496 338 579 (cf.
361 502 395 563 et
414 496 445 563 V
466 499 507 563 ed
533 496 567 567 Ξ
586 505 657 579 174)
681 522 700 564 τ
726 506 765 569 37
786 498 854 579 (ubi
876 521 905 565 τ.
926 503 960 563 et
979 497 1095 582 Eust.).
1142 497 1235 576 Quod
1263 499 1297 563 in
1319 498 1370 563 his

197 605 404 689 (quamquam
427 626 489 692 ego
511 606 672 691 improbo)
693 629 845 694 magnam
866 607 967 673 habet
981 606 1125 673 veritatis
1140 607 1293 692 speciem3
1314 605 1371 672 scd

196 711 271 776 hinc
293 732 312 777 e
331 711 500 779 vilioribus
521 714 714 798 quibusdam
735 715 953 802 grammaticis
974 716 1085 803 inepte
1107 714 1299 781 menolatum
1322 717 1371 778 est

197 819 237 883 ad
250 815 285 887 Ξ
298 827 324 887 1.
357 825 460 889 ε205.
492 824 536 885 M
556 827 617 890 326
639 824 680 904 (τ.
702 822 800 890 schol
823 822 899 901 BL).
924 822 963 888 In
977 824 1089 890 eadem
1103 822 1368 908 interpretatione
1380 821 1451 892 (¹⁴⁶)

198 927 313 992 nititur
333 927 429 993 lectio
451 921 559 1016 ἔμπης
578 952 637 1017 pro
660 926 779 1008 οὕτως,
804 953 888 1015 quae
908 930 972 996 fuit
993 956 1019 994 π
1043 937 1111 999 143.

277 1033 404 1102 Laboro
426 1035 487 1102 hec
507 1037 709 1123 paragrapho
730 1038 765 1104 in
781 1037 987 1105 detrectando
1003 1038 1200 1105 Aristarcho.
1226 1038 1290 1105 Sed
1305 1059 1369 1103 non

196 1140 335 1208 multum
354 1142 499 1228 proficio.
528 1143 596 1212 Iam
618 1145 704 1212 enim
727 1135 870 1212 delatum
892 1168 944 1212 me
965 1146 1070 1213 sentio
1093 1147 1133 1212 ad
1148 1144 1371 1232 etymologica,

198 1269 279 1332 quae
308 1250 335 1314 si
364 1252 473 1316 omnia
500 1251 583 1318 falsa
609 1257 718 1320 essent
742 1275 802 1320 nec
823 1255 1012 1321 miraremur
1036 1276 1096 1320 nec
1116 1254 1221 1319 hodie·
1234 1252 1371 1318 aliorum

196 1357 480 1443 vituperandorum
500 1360 551 1426 ius
572 1361 659 1426 nacti
680 1384 800 1430 sumus.
842 1362 888 1428 Et
909 1362 986 1429 (lum
1007 1361 1263 1447 etymologias
1285 1360 1370 1427 Ari·

197 1464 345 1530 starchi
359 1487 518 1551 percurro,
541 1489 621 1553 quas
638 1490 729 1536 meos
743 1470 777 1534 in
792 1491 870 1538 usos
885 1470 920 1535 in
934 1492 1035 1536 unum
1049 1469 1181 1549 contuli,
1203 1469 1307 1534 multa
1319 1470 1370 1533 in·

197 1572 291 1639 venio
312 1576 399 1639 recte
423 1566 594 1641 observata
616 1580 651 1642 et
676 1598 714 1642 ex
734 1577 919 1663 propinquo
940 1581 1056 1644 sumta
1096 1576 1287 1643 Adscriham
1307 1575 1372 1640 alia

199 1700 281 1763 quae
302 1680 383 1746 mihi
404 1681 486 1748 falsa
506 1682 558 1748 uel
578 1682 714 1749 ridicula
734 1684 785 1750 vel
805 1683 943 1750 nimium
956 1685 1080 1751 incerta
1092 1683 1145 1750 vel
1158 1674 1192 1749 iu
1207 1704 1371 1750 commen·

196 1789 279 1853 tario
301 1787 474 1854 Homerico
500 1789 661 1875 superflua
685 1791 844 1859 videntur.
887 1790 954 1860 Sed
980 1793 1106 1859 veniam
1126 1790 1320 1876 praefamur,
1341 1789 1369 1855 si
1389 1794 1437 1847 144

199 1894 255 1979 qui
276 1895 374 1961 hodic
396 1896 507 1962 eadem
528 1896 579 1963 vel
599 1897 716 1963 similia
737 1899 804 1965 sive
826 1900 962 1966 credunt
983 1900 1050 1966 sive
1071 1897 1214 1964 inlibris
1236 1898 1303 1963 suis
1317 1918 1372 1963 ex·

198 2005 378 2087 posuerant
399 2003 466 2070 sire
487 2026 605 2089 pueros
626 2005 771 2073 edocent
813 1992 977 2073 Nolumus
1000 2028 1195 2092 quemquam
1215 2005 1279 2071 hoc
1297 2005 1371 2071 loco

198 2112 333 2196 tangere
355 2133 415 2177 neo
434 2111 515 2178 haec
534 2113 712 2180 scribentes
732 2113 852 2183 librum
875 2113 1051 2181 evolvimus
1073 2136 1133 2180 nec
1147 2113 1323 2199 quidquam
1337 2112 1372 2176 in

198 2214 260 2281 hoc
282 2238 401 2302 genere
428 2240 485 2286 seu
510 2234 621 2288 verum
646 2243 704 2288 seu
731 2221 849 2291 falsum
870 2226 1079 2307 praestamus.
1126 2223 1160 2285 Ψ
1179 2226 1239 2290 850
1261 2213 1294 2306 (ἡ
1320 2217 1373 2282 δι·

198 2322 283 2409 πλη)
305 2318 359 2390 ὅτι
378 2322 465 2404 τινὲς
484 2319 622 2393 ἰόεντα
643 2322 804 2416 (σίδηρον)
824 2328 884 2397 τὸν
903 2325 1033 2412 μέλανα
1054 2321 1101 2407 ὡς
1119 2321 1269 2415 »ἰοειδέα
1289 2321 1373 2391 πόν-

198 2439 281 2496 τον“
302 2431 441 2520 <11117).
468 2430 603 2518 βέλτιον
624 2430 662 2501 δὲ
680 2433 739 2503 τὸν
760 2428 809 2514 εἷς
828 2428 904 2515 ἰοὺς
922 2429 1140 2503 εὐθετοῦντα·
1163 2427 1288 2502 οἰκεῖον
1309 2431 1373 2520 μὰρ

198 2535 238 2603 τὸ
263 2532 605 2623 δ’τταδλονῗτοξδταις.
629 2582 673 2595 -
699 2567 719 2608 κ
746 2550 804 2614 161
832 2549 1095 2633 καταχρηστικῶς
1120 2564 1222 2634 φησιν
1242 2537 1262 2610 δ
1282 2537 1373 2628 ’Δρί-

199 2666 338 2733 σταρχσς
361 2643 420 2715 ἐπὶ
443 2653 510 2716 τῶν
534 2649 665 2739 θηρίων
691 2641 863 2739 εἶναιτὴν
887 2647 1094 2741 δὶκνηστιν·
1124 2645 1247 2738 οὐγὰρ
1269 2643 1374 2738 αὐτὴν

199 2747 303 2843 μόνην
324 2748 526 2825 ἀδυνατοῦσι
547 2753 754 2845 κινήσασθσι
781 2766 852 2843 (scr.
877 2756 968 2847 κνήσ.
988 2760 1177 2846 Buttmffll,
1203 2752 1291 2824 ἀλλὰ
1316 2756 1374 2825 καὶ

197 2860 259 2950 τὴν
290 2856 399 2951 ὀσφῦν
426 2863 484 2932 καὶ
510 2863 568 2934 τὸν
593 2863 764 2955 τράχηλον.
788 2905 831 2918 -
854 2873 895 2934 Λ
924 2877 981 2939 165
1006 2863 1162 2961 σημαίνει
1184 2860 1262 2953 δδν)
1286 2862 1374 2945 λέξις

199 2966 434 3060 (σφεδανόν)
457 2970 647 3042 ἐπακτικὸν
664 2973 722 3042 καὶ
743 2971 1023 3061 ἐπιστραμμένσν,
1040 2965 1114 3042 οἷον
1134 2966 1371 3063 σφονδοκηδόν,

200 3071 271 3145 ἀπὸ
295 3082 356 3167 τῆς
382 3074 615 3170 σφενδόνηςὸθ.
662 3078 767 3162 οὕτως
793 3078 1018 3167 Ἀρίσταρχος.
1051 3121 1090 3133 -
1128 3080 1162 3151 Ξ
1190 3090 1249 3152 155
1280 3103 1374 3147 τισι-

200 3183 309 3253 πνδιο
330 3189 373 3261 ab
393 3192 489 3255 πονῶ
509 3184 624 3257 ιισνύοι
645 3185 739 3257 norico
759 3185 966 3258 ποιπνύωΜ.
982 3229 1022 3242 -
1036 3195 1074 3256 Χ
1092 3197 1133 3261 93
1154 3185 1207 3258 ὅτι
1227 3186 1374 3277 τὴντῶν

201 3287 313 3383 ὄφεων
347 3297 526 3363 κατάδυσιν
559 3295 674 3380 χτιὰν
709 3292 841 3386 εἴρηκεν
875 3292 945 3367 ἀπὸ
963 3292 965 3301 ⁴
980 3302 1040 3367 τοῦ
1065 3302 1220 3382 χεῖσθαι,
1257 3293 1277 3365 δ’
1303 3292 1375 3363 ἔστι

198 3405 366 3490 χωρῆσαι·
392 3397 440 3483 εἷς
470 3397 552 3474 αὐτὸ
578 3403 641 3492 μὰρ
667 3401 803 3495 (μόνον)
828 3411 1039 3496 μηχανῶνται
1070 3403 1103 3474 οἱ
1129 3402 1230 3497 ὄφεις
1257 3399 1306 3484 εἰς
1334 3403 1373 3471 τὸ

198 3513 348 3597 χωρῆσαι
369 3514 523 3597 (occurrit
543 3507 591 3592 εἷς
611 3506 730 3599 ἶν’ντρον
755 3514 817 3600 γὰρ
838 3510 1034 3597 μοχεύονται
1059 3509 1092 3581 ol
1113 3508 1211 3604 δ’φεις
1238 3507 1322 3580 ὥστε
1344 3536 1373 3594 χ.

201 3618 292 3703 („sed
312 3619 449 3687 fortasse
463 3621 510 3687 nil
524 3621 732 3687 mutandum
745 3621 1059 3709 Fricdlaender⁸⁴⁸>)
1083 3620 1122 3689 τὸ
1144 3626 1241 3705 σῶμα
1262 3617 1374 3704 ὥσπερ

201 3720 347 3823 {luepor-
369 3722 498 3807 „crithe
512 3721 545 3794 δ’
563 3721 774 3816 ἀμφοτέρους
795 3726 854 3795 tce
873 3726 1046 3812 xetoecoc“
1067 3732 1185 3820 <σ17).
1207 3770 1248 3781 -
1269 3734 1299 3794 Σ
1311 3737 1370 3800 531
1384 3739 1455 3810 (111)

202 3827 255 3898 ὅτι
279 3827 388 3920 εἴρας
415 3832 507 3921 λέγει
535 3829 596 3915 τδς
620 3829 761 3922 ἀγοράς,
789 3834 995 3925 σχηματίζων
1019 3832 1090 3906 ἀπὸ
1116 3842 1177 3905 τοῦ
1205 3831 1321 3923 εἴρειν,
1354 3833 1373 3903 ὅ

268 4061 295 4102 ⁸²
327 4059 372 4117 Eo
382 4063 419 4117 ll.
432 4067 501 4127 5⁰‚5
520 4050 666 4133 ἆννηττις,
683 4054 806 4134 tricilar,
822 4062 951 4135 παρὰτὸ
966 4066 1006 4135 μὴ
1023 4055 1169 4119 δύνασθαί
1184 4081 1251 4119 τινα
1269 4065 1373 4134 κνήσα-

189 4145 274 4209 ,utar
291 4143 381 4215 αὐτὴν
396 4149 434 4215 τῇ
449 4141 509 4222 ἰδίᾳ
524 4147 611 4218 χειρ1.

267 4230 294 4271 8³
327 4229 356 4283 Si
374 4233 472 4285 contra
488 4229 603 4286 dixisset
619 4248 663 4287 res
680 4230 884 4287 deliberatione
901 4231 988 4302 digna
1005 4235 1084 4288 esset

268 4315 295 4355 ⁸⁴
328 4313 454 4369 Fortasse
472 4315 526 4370 hoc
542 4315 602 4371 eius
618 4319 670 4381 est,
687 4318 719 4372 X
736 4320 794 4378 29³,
810 4320 986 4387 κατηφήσας
1001 4311 1083 4372 κάτω
1100 4314 1138 4373 τὰ
1153 4307 1214 4389 φάη
1231 4308 1314 4386 ἔχων.

268 4401 312 4442 ⁸⁴·
329 4398 416 4469 <Vide
432 4399 604 4455 Lobecln'um
623 4400 752 4456 Rhemat.
771 4418 798 4472 p.
816 4402 890 4469 151.)
