3425 4934
697 336 721 391 6.
743 331 825 403 τάχα.

344 489 416 562 ἀλλ’
440 491 476 564 ἔκ
497 521 549 564 τοι
572 495 664 583 ἐρέω,
687 498 725 565 τὸ
748 497 785 566 δὲ
805 497 865 565 καὶ
883 496 1062 566 τελέεσθαι
1085 493 1160 565 ὀίαν

341 592 621 696 ᾗςάπεροπλίῃσι
641 600 710 688 τάχ’
738 600 779 672 eb
799 630 883 674 ποτε
903 605 1016 691 θυμὸν
1037 600 1167 695 ὀλέσσῃ.

175 712 278 793 „hand
293 713 348 778 diu
362 713 465 779 aberit
486 717 623 801 tempus,
646 737 719 781 cum
741 718 904 802 quondam
925 740 984 783 111
1004 739 1078 783 eum
1098 716 1211 802 perdet
1231 737 1343 800 super·
1356 726 1427 796 (111)

174 820 294 889 bia“⁵¹.
341 820 402 886 His
431 825 560 888 constat
585 822 697 889 ecdem
722 826 848 891 ratione
875 824 1098 910 explicandum
1119 817 1350 904 1111117611

172 919 201 1005 χ’
223 919 317 1009 ὑμεῖς
335 948 372 1011 γε
393 921 548 1017 φάγοιτε,
579 923 647 1010 τάχ’
674 922 716 994 άν
735 953 819 997 ποτε
840 929 899 997 καὶ
917 926 1004 1010 τίσις
1024 924 1085 1017 εἴη.
1129 930 1225 1009 Quod
1243 929 1344 1014 pluri·
1361 949 1394 1000 91

174 1055 263 1099 mum
291 1034 389 1103 faciet
409 1037 449 1103 cd
470 1035 560 1103 illum
582 1036 767 1104 Telemachi
796 1039 988 1117 orationem,
1014 1062 1078 1125 qne
1102 1037 1192 1104 nulla
1212 1036 1346 1103 Homeri

175 1164 248 1225 pars
262 1142 424 1209 difficilior
445 1147 502 1224 est,
524 1145 763 1230 expediendam.
802 1146 866 1212 Sed
887 1146 958 1224 hoc,
979 1146 1066 1232 qnod
1087 1144 1269 1230 longiorem
1291 1144 1346 1210 de·

174 1248 294 1315 siderat
308 1251 497 1334 orationem,
517 1252 639 1318 differo.
673 1252 795 1319 Verum
809 1254 908 1318 elium
922 1252 1031 1319 locum
1048 1254 1191 1332 tentabo,
1213 1254 1240 1318 ei
1261 1251 1345 1317 forte

175 1356 323 1422 vocabuli
350 1362 511 1442 potestate
541 1359 653 1426 effecte
684 1361 815 1426 cesserit
849 1361 1030 1446 explicatio.
1082 1363 1169 1442 1189
1194 1353 1260 1445 ἤδη
1282 1356 1344 1443 γὰρ

172 1457 282 1547 τρίτον
305 1460 393 1530 ἐστίν
414 1458 500 1548 ἔτος,
528 1463 613 1548 τάχα
635 1460 670 1532 δ’
693 1458 759 1533 εἶσι
778 1464 941 1553 τέταρτον.
982 1467 1076 1546 Quod
1097 1465 1283 1533 Nitzschius
1300 1467 1347 1533 ita

173 1571 269 1636 vertit
289 1572 409 1650 „echon
430 1575 474 1639 ist
495 1596 529 1640 es
547 1576 629 1661 jetzt
650 1576 706 1641 des
729 1576 825 1642 dritte
845 1575 927 1641 Jshr
946 1576 1012 1640 und
1033 1574 1109 1640 bald
1133 1574 1210 1639 wird
1232 1574 1346 1660 gehen,

174 1677 257 1745 (1.1.
284 1679 410 1745 kommt
434 1681 490 1747 das
512 1683 637 1750 vierte“.
680 1682 717 1749 Id
743 1705 819 1749 vero
846 1705 919 1748 oum
940 1682 1347 1767 111111οοὶ11111311101

177 1791 244 1854 106.
266 1808 285 1849 τ
308 1794 376 1855 151.
396 1810 424 1851 ω
449 1793 529 1872 141),
548 1788 690 1877 Longius
716 1791 750 1855 11
773 1812 908 1856 censura
922 1789 1232 1856 Commentariorum
1254 1785 1347 1852 Nite-

173 1891 269 1973 sohii,
302 1915 384 1979 quae
411 1895 532 1961 ineerta
558 1902 608 1963 est
634 1897 785 1965 Seebodii
810 1898 888 1965 bibl
915 1897 983 1965 erit.
1013 1902 1092 1965 1826
1118 1920 1150 1982 p.
1179 1901 1273 1975 1098,
1302 1896 1347 1960 sie

173 2000 283 2083 potius
303 2002 493 2068 vertendum
514 2005 640 2071 statuit:
665 2006 768 2088 „deun
790 2005 891 2071 achon
913 2005 957 2069 111
978 2005 1034 2069 das
1056 2003 1153 2069 dritte
1173 2002 1254 2069 Jahr
1274 2024 1348 2068 vor·

172 2108 253 2173 uber
273 2108 342 2173 und
362 2109 485 2175 schnell
509 2111 590 2197 geht
617 2112 673 2177 des
699 2113 824 2179 vierte“.
874 2111 938 2178 Sed
963 2110 1103 2178 debebat
1122 2109 1262 2195 Longius
1290 2109 1348 2175 sic:

173 2236 227 2293 „es
252 2214 297 2280 ist
325 2214 382 2279 das
408 2216 504 2281 dritte
524 2217 606 2283 Jahr
630 2220 697 2284 und
722 2218 799 2285 bald
825 2220 906 2306 geht
931 2219 987 2284 dee
1009 2219 1137 2284 vierte“.
1178 2206 1244 2281 εἶσι
1270 2216 1347 2281 abit.

175 2319 226 2385 Ex
240 2319 405 2387 Marciano
420 2328 454 2389 et
467 2322 641 2391 Harleianc
656 2348 742 2390 nunc
757 2326 819 2391 hoe
838 2325 985 2392 scholion
1006 2325 1175 2392 habemus:
1195 2318 1216 2411 ἡ
1242 2321 1348 2408 διπλῆ

172 2427 259 2511 πρὸς
284 2427 323 2496 τὸ
353 2424 430 2517 ἑξῆς
456 2430 578 2497 δοκοῦν
608 2424 818 2522 ἀσυμφώνως
848 2430 1012 2517 λέγεσθαι
1041 2423 1113 2512 ,,άίς
1142 2425 1264 2515 τρίετες
1287 2426 1349 2514 μὲν
1377 2507 1379 2510 ¹

172 2530 277 2624 ἔληθε
292 2532 392 2624 δόλῳ,
414 2530 487 2601 ἀλλ’
503 2534 560 2604 ὅτε
571 2535 726 2622 τέτρατον
745 2529 853 2627 ἦλθεν
867 2533 960 2617 ἔτος*
974 2542 1070 2625 (106).
1108 2537 1163 2606 διὸ
1173 2534 1245 2604 «καί
1263 2560 1350 2616 τινες

171 2639 396 2732 μετεποίησαν
420 2641 488 2730 ,ὣς
513 2640 617 2726 δίετες
639 2643 701 2729 μὲν
728 2640 833 2734 ἔληθε
859 2644 964 2733 δόλῳ·
992 2640 1062 2712 ἀλλ’
1089 2643 1145 2715 ὅτε
1171 2645 1211 2734 δὴ
1237 2641 1348 2729 τρίτον

170 2741 281 2838 ἦλθεν
293 2745 399 2830 bose.
436 2746 534 2819 οὐδὲν
550 2749 587 2819 δέ
606 2747 754 2821 ἐναντίον
775 2749 842 2835 ἔχει
861 2753 904 2819 τά
926 2750 1005 2841 ἔπη·
1026 2752 1065 2820 τὸ
1087 2752 1146 2839 γάρ
1168 2749 1252 2833 τάχα
1274 2746 1348 2818 άντί

169 2862 230 2925 τοῦ
245 2856 383 2940 ταχέως,
411 2858 450 2926 τδ
477 2858 515 2925 δὲ
538 2850 620 2928 εἶσιν
649 2855 722 2928 άντὶ
747 2866 807 2929 τοῦ
828 2856 931 2928 δίεισι
957 2860 1014 2927 καί
1033 2859 1072 2929 τὸ
1093 2857 1258 2944 τέταρτον.
1296 2861 1348 2927 Ex

170 2988 237 3051 quo
265 2971 374 3034 tamen
402 2968 578 3056 genuinam
598 2968 777 3036 Aristarchi
798 2970 1008 3055 paraphrasin
1028 2970 1112 3035 hane
1134 2991 1204 3035 esse
1225 2964 1349 3049 ταχέως

171 3068 274 3138 δίεισι
300 3096 367 3140 111
391 3076 599 3159 praestiteris.
650 3077 718 3143 Alii
750 3078 803 3143 hie
832 3083 865 3147 et
891 3078 932 3143 ad
961 3100 978 3139 ν
1008 3083 1067 3145 377
1095 3078 1349 3162 interpretentur

165 3175 295 3261 ταχέως
316 3178 530 3250 διελεύσεται.
565 3182 611 3250 Et
629 3184 699 3250 fieri
713 3189 821 3251 tamen
836 3187 946 3269 potest
966 3188 1004 3249 ut
1024 3185 1110 3250 idem
1132 3184 1348 3271 significatum

167 3287 332 3354 voluerint
346 3290 434 3374 quod
448 3312 522 3357 nos:
544 3313 740 3376 quamquem
755 3282 818 3356 εἶσι
830 3287 987 3358 'accurato
1008 3314 1075 3357 uon
1097 3296 1147 3357 est
1169 3287 1270 3356 δίεισι
1291 3291 1347 3356 sed

167 3387 297 3461 άπεισι.
317 3389 412 3481 τάχα,
435 3397 561 3476 1111111,
583 3421 622 3464 ex
636 3402 748 3465 nostro
763 3422 853 3466 more
868 3399 1013 3465 vertendi
1034 3420 1100 3464 nou
1123 3402 1173 3464 est
1194 3398 1348 3480 celeriter,

166 3503 224 3569 sel
244 3524 330 3569 mon
369 3491 438 3585 εἶμι
459 3505 546 3588 apud
565 3503 744 3572 Homerum
766 3512 891 3573 motum
912 3507 1034 3573 iudicat
1055 3527 1288 3592 quemcunque,
1310 3509 1348 3570 ut

166 3631 226 3676 nec
241 3610 329 3676 unde
343 3632 403 3675 nec
417 3633 483 3696 qno
504 3611 561 3678 fiat
575 3618 755 3697 quaeratur.
784 3618 822 3677 Π
837 3620 896 3682 160
911 3615 950 3679 de
963 3614 1049 3699 lupis
1063 3608 1122 3678 καί
1133 3607 1160 3678 τ’
1185 3605 1349 3699 ἀγεληδὸν

165 3708 268 3785 ἴασιν.
298 3710 598 3804 sentententia
621 3709 687 3785 eloe
706 3715 898 3803 μελισσάων
918 3714 1076 3789 άδινάιον.
1113 3724 1143 3785 Γ
1154 3727 1192 3789 61
1208 3715 1349 3796 πέλεκυς

231 3968 258 4010 111
277 3965 400 4021 Maohon
417 3966 519 4024 Athen.
537 3967 602 4022 XIII
619 3971 688 4024 182ο

411 4043 535 4122 ὀνηλάτ’,
553 4050 582 4108 εἰ
596 4054 636 4123 μὴ
653 4054 767 4108 θᾶττον
783 4049 919 4124 inmuose
935 4052 1025 4110 τοτὲ

411 4131 446 4192 ἐν
464 4146 516 4207 τῆς
532 4134 613 4203 ὀδοῦ,
630 4131 668 4191 τὰ
685 4128 791 4205 privam
807 4142 902 4193 ταῦτα
919 4139 1088 4209 καταβαλῶ.

163 4217 204 4275 De
230 4211 297 4291 τάχ’
318 4212 357 4275 άν
378 4236 403 4273 v.
421 4219 520 4275 Metu.
539 4218 586 4275 Gr.
604 4218 651 4274 Gr.
669 4219 697 4273 11
713 4238 741 4290 pt
761 4223 834 4275 1199.
870 4222 976 4276 Andoc.
995 4224 1077 4289 myst.
1095 4222 1112 4288 ξ
1130 4225 1178 4277 117
1196 4214 1273 4289 τάχα
1290 4215 1347 4293 γὰρ

164 4296 199 4357 ἂν
216 4300 289 4360 αὐτὸ
311 4299 463 4374 βοάλιοθε
484 4304 658 4375 (βούλοισθε
677 4303 843 4373 Hermann>
861 4305 1020 4361 πυθέσθαι.
1043 4335 1075 4345 -
1100 4304 1144 4357 Ad
1166 4304 1346 4360 coniunctum

164 4383 239 4458 τάχα
256 4391 288 4444 et
306 4388 384 4443 nott
401 4385 507 4457 inspice
524 4387 707 4443 FrItsschium
725 4390 833 4458 quaest
851 4387 916 4443 Luc.
934 4408 961 4459 p.
982 4393 1038 4445 193.
