<?xml version="1.0" encoding="UTF-8"?>
<!DOCTYPE html PUBLIC "-//W3C//DTD XHTML 1.0 Transitional//EN"
    "http://www.w3.org/TR/xhtml1/DTD/xhtml1-transitional.dtd">
<html xmlns="http://www.w3.org/1999/xhtml" xml:lang="en" lang="en">
 <head>
  <title>
</title>
<meta http-equiv="Content-Type" content="text/html;charset=utf-8" />
  <meta name='ocr-system' content='tesseract 3.04.00' />
  <meta name='ocr-capabilities' content='ocr_page ocr_carea ocr_par ocr_line ocrx_word'/>
</head>
<body>
  <div class='ocr_page' id='page_1' title='image "./dearistarchistu00ludwgoog/dearistarchistu00ludwgoog_0349.png"; bbox 0 0 3425 4934; ppageno 0'>
   <div class='ocr_carea' id='block_1_1' title="bbox 490 262 1376 335">
    <p class='ocr_par' dir='ltr' id='par_1_1' title="bbox 490 262 1376 335">
     <span class='ocr_line' id='line_1_1' title="bbox 490 262 1376 335; baseline 0.005 -16"><span class='ocrx_word' id='word_1_1' title='bbox 490 268 513 321; x_wconf 85' lang='grc'>3.</span> <span class='ocrx_word' id='word_1_2' title='bbox 538 262 579 318; x_wconf 85' lang='lat' dir='ltr'>Da</span> <span class='ocrx_word' id='word_1_3' title='bbox 595 262 695 333; x_wconf 82' lang='lat' dir='ltr'>spiritu</span> <span class='ocrx_word' id='word_1_4' title='bbox 713 263 913 320; x_wconf 82' lang='lat' dir='ltr'>vocabulorum</span> <span class='ocrx_word' id='word_1_5' title='bbox 931 262 1086 335; x_wconf 82' lang='lat' dir='ltr'>principali.</span> <span class='ocrx_word' id='word_1_6' title='bbox 1316 270 1376 332; x_wconf 75' lang='grc'>327</span> 
     </span>
    </p>
   </div>
   <div class='ocr_carea' id='block_1_2' title="bbox 205 430 1458 2564">
    <p class='ocr_par' dir='ltr' id='par_1_2' title="bbox 205 430 1458 2564">
     <span class='ocr_line' id='line_1_2' title="bbox 210 430 1373 519; baseline -0.003 -22"><span class='ocrx_word' id='word_1_7' title='bbox 210 433 305 516; x_wconf 87' lang='lat' dir='ltr'>(quae</span> <span class='ocrx_word' id='word_1_8' title='bbox 324 433 384 497; x_wconf 90' lang='lat' dir='ltr'>sub</span> <span class='ocrx_word' id='word_1_9' title='bbox 405 432 490 497; x_wconf 87' lang='lat' dir='ltr'>hane</span> <span class='ocrx_word' id='word_1_10' title='bbox 516 433 700 519; x_wconf 79' lang='lat' dir='ltr'>generalem</span> <span class='ocrx_word' id='word_1_11' title='bbox 722 432 868 519; x_wconf 82' lang='lat' dir='ltr'>regulam</span> <span class='ocrx_word' id='word_1_12' title='bbox 894 454 960 497; x_wconf 87' lang='lat' dir='ltr'>uon</span> <span class='ocrx_word' id='word_1_13' title='bbox 981 432 1101 498; x_wconf 85' lang='lat' dir='ltr'>eadunt</span> <span class='ocrx_word' id='word_1_14' title='bbox 1121 430 1174 497; x_wconf 89' lang='lat' dir='ltr'>hie</span> <span class='ocrx_word' id='word_1_15' title='bbox 1197 430 1323 508; x_wconf 91' lang='lat' dir='ltr'>omissa,</span> <span class='ocrx_word' id='word_1_16' title='bbox 1345 454 1373 495; x_wconf 85' lang='lat' dir='ltr'>v.</span> 
     </span>
     <span class='ocr_line' id='line_1_3' title="bbox 207 538 1375 625; baseline 0 -21"><span class='ocrx_word' id='word_1_17' title='bbox 207 539 267 605; x_wconf 82' lang='lat' dir='ltr'>lex.</span> <span class='ocrx_word' id='word_1_18' title='bbox 283 540 353 625; x_wconf 85' lang='lat' dir='ltr'><strong>spir.</strong></span> <span class='ocrx_word' id='word_1_19' title='bbox 375 544 454 624; x_wconf 91' lang='lat' dir='ltr'>post</span> <span class='ocrx_word' id='word_1_20' title='bbox 467 540 618 607; x_wconf 81' lang='lat' dir='ltr'>Ammon.</span> <span class='ocrx_word' id='word_1_21' title='bbox 639 563 671 625; x_wconf 86' lang='lat' dir='ltr'>p.</span> <span class='ocrx_word' id='word_1_22' title='bbox 689 541 770 624; x_wconf 90' lang='grc'>211).</span> <span class='ocrx_word' id='word_1_23' title='bbox 807 539 853 606; x_wconf 78' lang='lat' dir='ltr'>ef.</span> <span class='ocrx_word' id='word_1_24' title='bbox 868 539 1019 624; x_wconf 85' lang='lat' dir='ltr'>Apollon.</span> <span class='ocrx_word' id='word_1_25' title='bbox 1036 542 1098 605; x_wconf 85' lang='lat' dir='ltr'>lex.</span> <span class='ocrx_word' id='word_1_26' title='bbox 1120 540 1168 625; x_wconf 72' lang='lat' dir='ltr'>(p.</span> <span class='ocrx_word' id='word_1_27' title='bbox 1187 544 1236 618; x_wconf 81' lang='grc'>42,</span> <span class='ocrx_word' id='word_1_28' title='bbox 1250 545 1290 607; x_wconf 83' lang='grc'>20</span> <span class='ocrx_word' id='word_1_29' title='bbox 1304 538 1375 623; x_wconf 83' lang='grc' dir='ltr'>Βο.)</span> 
     </span>
     <span class='ocr_line' id='line_1_4' title="bbox 210 639 1379 734; baseline 0 -23"><span class='ocrx_word' id='word_1_30' title='bbox 210 643 308 732; x_wconf 89' lang='grc' dir='ltr'><strong><em>ἄρσεν</em></strong></span> <span class='ocrx_word' id='word_1_31' title='bbox 319 643 475 733; x_wconf 74' lang='grc' dir='ltr'><strong><em>ἥρμοσεν,</em></strong></span> <span class='ocrx_word' id='word_1_32' title='bbox 500 645 558 713; x_wconf 84' lang='grc' dir='ltr'>καὶ</span> <span class='ocrx_word' id='word_1_33' title='bbox 571 643 729 733; x_wconf 87' lang='grc' dir='ltr'><strong><em>ἄρσαντες</em></strong></span> <span class='ocrx_word' id='word_1_34' title='bbox 744 642 911 731; x_wconf 79' lang='grc' dir='ltr'><strong><em>ἁρμοστὸν</em></strong></span> <span class='ocrx_word' id='word_1_35' title='bbox 931 639 1144 734; x_wconf 77' lang='grc' dir='ltr'><strong><em>ποιήσαντες·</em></strong></span> <span class='ocrx_word' id='word_1_36' title='bbox 1165 639 1195 711; x_wconf 78' lang='lat' dir='ltr'>el</span> <span class='ocrx_word' id='word_1_37' title='bbox 1213 643 1250 711; x_wconf 79' lang='grc' dir='ltr'>δὲ</span> <span class='ocrx_word' id='word_1_38' title='bbox 1270 645 1379 734; x_wconf 82' lang='grc' dir='ltr'><strong><em>ψιλῶς</em></strong></span> 
     </span>
     <span class='ocr_line' id='line_1_5' title="bbox 210 747 1378 842; baseline 0 -23"><span class='ocrx_word' id='word_1_39' title='bbox 210 748 416 839; x_wconf 79' lang='grc' dir='ltr'><strong><em>ἇναγνῶμεν,</em></strong></span> <span class='ocrx_word' id='word_1_40' title='bbox 443 749 597 842; x_wconf 80' lang='grc' dir='ltr'><strong><em>σημαίνει</em></strong></span> <span class='ocrx_word' id='word_1_41' title='bbox 621 752 659 821; x_wconf 84' lang='grc' dir='ltr'>τὸ</span> <span class='ocrx_word' id='word_1_42' title='bbox 688 748 826 837; x_wconf 79' lang='grc' dir='ltr'><strong><em>ἀρεστὸν</em></strong></span> <span class='ocrx_word' id='word_1_43' title='bbox 852 747 1123 841; x_wconf 76' lang='grc' dir='ltr'><strong><em>καταστήσαντες.</em></strong></span> <span class='ocrx_word' id='word_1_44' title='bbox 1144 792 1183 802; x_wconf 95' lang='grc'>-</span> <span class='ocrx_word' id='word_1_45' title='bbox 1203 753 1241 819; x_wconf 90' lang='lat' dir='ltr'>In</span> <span class='ocrx_word' id='word_1_46' title='bbox 1262 748 1378 842; x_wconf 74' lang='grc' dir='ltr'><strong><em>ἑάφθη</em></strong></span> 
     </span>
     <span class='ocr_line' id='line_1_6' title="bbox 210 861 1379 948; baseline 0.001 -20"><span class='ocrx_word' id='word_1_47' title='bbox 210 864 268 947; x_wconf 88' lang='lat' dir='ltr'>(sio</span> <span class='ocrx_word' id='word_1_48' title='bbox 290 863 355 947; x_wconf 85' lang='lat' dir='ltr'>Ar.)</span> <span class='ocrx_word' id='word_1_49' title='bbox 381 863 420 928; x_wconf 90' lang='lat' dir='ltr'>de</span> <span class='ocrx_word' id='word_1_50' title='bbox 443 863 558 947; x_wconf 87' lang='lat' dir='ltr'>spiritu</span> <span class='ocrx_word' id='word_1_51' title='bbox 580 887 646 930; x_wconf 90' lang='lat' dir='ltr'>non</span> <span class='ocrx_word' id='word_1_52' title='bbox 667 865 794 930; x_wconf 87' lang='lat' dir='ltr'>videtur</span> <span class='ocrx_word' id='word_1_53' title='bbox 815 864 997 930; x_wconf 76' lang='lat' dir='ltr'>dubitatum</span> <span class='ocrx_word' id='word_1_54' title='bbox 1018 885 1101 941; x_wconf 87' lang='lat' dir='ltr'>esse,</span> <span class='ocrx_word' id='word_1_55' title='bbox 1123 861 1181 928; x_wconf 89' lang='lat' dir='ltr'>sed</span> <span class='ocrx_word' id='word_1_56' title='bbox 1202 863 1240 928; x_wconf 93' lang='lat' dir='ltr'>de</span> <span class='ocrx_word' id='word_1_57' title='bbox 1263 866 1379 948; x_wconf 84' lang='lat' dir='ltr'>etymo,</span> 
     </span>
     <span class='ocr_line' id='line_1_7' title="bbox 209 967 1377 1056; baseline -0.001 -19"><span class='ocrx_word' id='word_1_58' title='bbox 209 971 328 1037; x_wconf 85' lang='lat' dir='ltr'><strong>Herod.</strong></span> <span class='ocrx_word' id='word_1_59' title='bbox 350 973 387 1034; x_wconf 94' lang='lat' dir='ltr'><strong><em>N</em></strong></span> <span class='ocrx_word' id='word_1_60' title='bbox 407 974 477 1038; x_wconf 88' lang='grc'>543.</span> <span class='ocrx_word' id='word_1_61' title='bbox 520 971 622 1036; x_wconf 84' lang='lat' dir='ltr'>Duxit</span> <span class='ocrx_word' id='word_1_62' title='bbox 645 971 851 1037; x_wconf 78' lang='lat' dir='ltr'><strong>Aristarchus</strong></span> <span class='ocrx_word' id='word_1_63' title='bbox 878 971 918 1036; x_wconf 84' lang='lat' dir='ltr'>ab</span> <span class='ocrx_word' id='word_1_64' title='bbox 947 967 1071 1052; x_wconf 75' lang='grc' dir='ltr'><strong><em>ἕπομαι</em></strong></span> <span class='ocrx_word' id='word_1_65' title='bbox 1078 1017 1087 1049; x_wconf 89' lang='grc'><strong><em>,</em></strong></span> <span class='ocrx_word' id='word_1_66' title='bbox 1117 992 1180 1056; x_wconf 90' lang='lat' dir='ltr'>quo</span> <span class='ocrx_word' id='word_1_67' title='bbox 1208 973 1294 1035; x_wconf 83' lang='lat' dir='ltr'>certe</span> <span class='ocrx_word' id='word_1_68' title='bbox 1317 993 1377 1036; x_wconf 88' lang='lat' dir='ltr'>nee</span> 
     </span>
     <span class='ocr_line' id='line_1_8' title="bbox 205 1074 1378 1166; baseline 0 -22"><span class='ocrx_word' id='word_1_69' title='bbox 205 1074 408 1144; x_wconf 84' lang='lat' dir='ltr'>Buttmanno</span> <span class='ocrx_word' id='word_1_70' title='bbox 431 1078 575 1144; x_wconf 85' lang='lat' dir='ltr'>invenire</span> <span class='ocrx_word' id='word_1_71' title='bbox 594 1079 732 1166; x_wconf 83' lang='lat' dir='ltr'>contigit</span> <span class='ocrx_word' id='word_1_72' title='bbox 756 1079 971 1164; x_wconf 72' lang='lat' dir='ltr'>probabilius,</span> <span class='ocrx_word' id='word_1_73' title='bbox 995 1078 1055 1144; x_wconf 83' lang='lat' dir='ltr'>lex.</span> <span class='ocrx_word' id='word_1_74' title='bbox 1087 1076 1118 1143; x_wconf 91' lang='lat' dir='ltr'>ll</span> <span class='ocrx_word' id='word_1_75' title='bbox 1147 1085 1275 1147; x_wconf 75' lang='grc'>1411-</span> <span class='ocrx_word' id='word_1_76' title='bbox 1296 1077 1378 1144; x_wconf 85' lang='lat' dir='ltr'>Item</span> 
     </span>
     <span class='ocr_line' id='line_1_9' title="bbox 208 1178 1376 1271; baseline -0.002 -20"><span class='ocrx_word' id='word_1_77' title='bbox 208 1180 315 1268; x_wconf 73' lang='grc' dir='ltr'><strong><em>ἐῶμεν</em></strong></span> <span class='ocrx_word' id='word_1_78' title='bbox 337 1188 459 1250; x_wconf 82' lang='lat' dir='ltr'>certum</span> <span class='ocrx_word' id='word_1_79' title='bbox 482 1190 614 1271; x_wconf 89' lang='lat' dir='ltr'>propter</span> <span class='ocrx_word' id='word_1_80' title='bbox 636 1178 758 1266; x_wconf 75' lang='grc' dir='ltr'><strong><em>ἐπεῖχ’</em></strong></span> <span class='ocrx_word' id='word_1_81' title='bbox 782 1180 902 1270; x_wconf 73' lang='grc' dir='ltr'><strong><em>ἐῶμεν,</em></strong></span> <span class='ocrx_word' id='word_1_82' title='bbox 926 1186 1045 1253; x_wconf 87' lang='lat' dir='ltr'>Herod.</span> <span class='ocrx_word' id='word_1_83' title='bbox 1070 1190 1101 1248; x_wconf 91' lang='lat' dir='ltr'><em>T</em></span> <span class='ocrx_word' id='word_1_84' title='bbox 1118 1191 1179 1254; x_wconf 84' lang='grc'>402</span> <span class='ocrx_word' id='word_1_85' title='bbox 1200 1186 1227 1268; x_wconf 76' lang='grc'>(1</span> <span class='ocrx_word' id='word_1_86' title='bbox 1245 1189 1280 1248; x_wconf 94' lang='grc' dir='ltr'><em>Ν</em></span> <span class='ocrx_word' id='word_1_87' title='bbox 1293 1186 1376 1269; x_wconf 90' lang='grc'>315).</span> 
     </span>
     <span class='ocr_line' id='line_1_10' title="bbox 207 1285 1377 1373; baseline 0 -15"><span class='ocrx_word' id='word_1_88' title='bbox 207 1332 247 1340; x_wconf 94' lang='grc'><strong>-</strong></span> <span class='ocrx_word' id='word_1_89' title='bbox 268 1291 337 1359; x_wconf 82' lang='grc' dir='ltr'>Νεο</span> <span class='ocrx_word' id='word_1_90' title='bbox 360 1292 572 1360; x_wconf 85' lang='lat' dir='ltr'>dubitandum</span> <span class='ocrx_word' id='word_1_91' title='bbox 593 1295 632 1361; x_wconf 88' lang='lat' dir='ltr'>de</span> <span class='ocrx_word' id='word_1_92' title='bbox 653 1288 702 1372; x_wconf 77' lang='grc' dir='ltr'>ἓὲ,</span> <span class='ocrx_word' id='word_1_93' title='bbox 730 1295 850 1362; x_wconf 84' lang='lat' dir='ltr'>Herod.</span> <span class='ocrx_word' id='word_1_94' title='bbox 873 1295 905 1358; x_wconf 87' lang='grc' dir='ltr'>Ω</span> <span class='ocrx_word' id='word_1_95' title='bbox 929 1299 996 1362; x_wconf 87' lang='grc'>134.</span> <span class='ocrx_word' id='word_1_96' title='bbox 1024 1331 1060 1342; x_wconf 92' lang='grc'><strong>-</strong></span> <span class='ocrx_word' id='word_1_97' title='bbox 1087 1292 1157 1359; x_wconf 82' lang='grc' dir='ltr'>Νεο</span> <span class='ocrx_word' id='word_1_98' title='bbox 1180 1293 1219 1358; x_wconf 91' lang='lat' dir='ltr'>de</span> <span class='ocrx_word' id='word_1_99' title='bbox 1245 1285 1377 1373; x_wconf 75' lang='grc' dir='ltr'><strong><em>ἄμοόιςτ</em></strong></span> 
     </span>
     <span class='ocr_line' id='line_1_11' title="bbox 207 1394 1378 1488; baseline -0.003 -22"><span class='ocrx_word' id='word_1_100' title='bbox 207 1423 399 1487; x_wconf 90' lang='lat' dir='ltr'>quamquam</span> <span class='ocrx_word' id='word_1_101' title='bbox 414 1399 524 1468; x_wconf 79' lang='lat' dir='ltr'>Nicias</span> <span class='ocrx_word' id='word_1_102' title='bbox 539 1405 572 1467; x_wconf 92' lang='lat' dir='ltr'>et</span> <span class='ocrx_word' id='word_1_103' title='bbox 585 1401 772 1488; x_wconf 79' lang='lat' dir='ltr'>Pamphilus</span> <span class='ocrx_word' id='word_1_104' title='bbox 793 1401 977 1468; x_wconf 86' lang='lat' dir='ltr'>maluerunt</span> <span class='ocrx_word' id='word_1_105' title='bbox 998 1396 1120 1484; x_wconf 81' lang='grc' dir='ltr'><strong><em>ἄμυδις</em></strong></span> <span class='ocrx_word' id='word_1_106' title='bbox 1140 1404 1272 1486; x_wconf 87' lang='lat' dir='ltr'>propter</span> <span class='ocrx_word' id='word_1_107' title='bbox 1293 1394 1378 1481; x_wconf 89' lang='grc' dir='ltr'><strong><em>ἄμα;</em></strong></span> 
     </span>
     <span class='ocr_line' id='line_1_12' title="bbox 206 1507 1377 1597; baseline -0.001 -23"><span class='ocrx_word' id='word_1_108' title='bbox 206 1507 410 1574; x_wconf 89' lang='lat' dir='ltr'>Ptolemaeus</span> <span class='ocrx_word' id='word_1_109' title='bbox 432 1512 466 1573; x_wconf 91' lang='lat' dir='ltr'>et</span> <span class='ocrx_word' id='word_1_110' title='bbox 478 1509 682 1575; x_wconf 83' lang='lat' dir='ltr'>Herodianus</span> <span class='ocrx_word' id='word_1_111' title='bbox 703 1514 772 1576; x_wconf 89' lang='lat' dir='ltr'>tum</span> <span class='ocrx_word' id='word_1_112' title='bbox 794 1509 867 1575; x_wconf 89' lang='lat' dir='ltr'>aliis</span> <span class='ocrx_word' id='word_1_113' title='bbox 888 1510 1087 1597; x_wconf 78' lang='lat' dir='ltr'>argumentis</span> <span class='ocrx_word' id='word_1_114' title='bbox 1110 1508 1287 1574; x_wconf 86' lang='lat' dir='ltr'>defendunt</span> <span class='ocrx_word' id='word_1_115' title='bbox 1307 1511 1377 1573; x_wconf 91' lang='lat' dir='ltr'>tum</span> 
     </span>
     <span class='ocr_line' id='line_1_13' title="bbox 206 1608 1376 1701; baseline 0.002 -19"><span class='ocrx_word' id='word_1_116' title='bbox 206 1616 408 1682; x_wconf 88' lang='lat' dir='ltr'>Herodianus</span> <span class='ocrx_word' id='word_1_117' title='bbox 429 1615 491 1682; x_wconf 85' lang='lat' dir='ltr'>hoo</span> <span class='ocrx_word' id='word_1_118' title='bbox 511 1615 596 1682; x_wconf 88' lang='lat' dir='ltr'>looo:</span> <span class='ocrx_word' id='word_1_119' title='bbox 617 1609 712 1681; x_wconf 82' lang='grc' dir='ltr'><strong><em>πάντ’</em></strong></span> <span class='ocrx_word' id='word_1_120' title='bbox 732 1608 854 1700; x_wconf 78' lang='grc' dir='ltr'><strong><em>ἄμυδις</em></strong></span> <span class='ocrx_word' id='word_1_121' title='bbox 875 1620 933 1700; x_wconf 86' lang='grc' dir='ltr'>(Μ</span> <span class='ocrx_word' id='word_1_122' title='bbox 951 1620 1033 1701; x_wconf 89' lang='grc'>385).</span> <span class='ocrx_word' id='word_1_123' title='bbox 1067 1640 1095 1682; x_wconf 83' lang='grc' dir='ltr'>ν.</span> <span class='ocrx_word' id='word_1_124' title='bbox 1116 1615 1237 1683; x_wconf 90' lang='lat' dir='ltr'>Herod.</span> <span class='ocrx_word' id='word_1_125' title='bbox 1252 1618 1273 1678; x_wconf 92' lang='lat' dir='ltr'><em>I</em></span> <span class='ocrx_word' id='word_1_126' title='bbox 1290 1622 1320 1684; x_wconf 86' lang='grc'>6.</span> <span class='ocrx_word' id='word_1_127' title='bbox 1336 1653 1376 1663; x_wconf 83' lang='lat'>—-</span> 
     </span>
     <span class='ocr_line' id='line_1_14' title="bbox 207 1719 1376 1810; baseline 0.003 -24"><span class='ocrx_word' id='word_1_128' title='bbox 207 1719 290 1808; x_wconf 79' lang='grc' dir='ltr'><strong><em>ἄδην</em></strong></span> <span class='ocrx_word' id='word_1_129' title='bbox 318 1721 439 1805; x_wconf 84' lang='lat' dir='ltr'>(Nicias</span> <span class='ocrx_word' id='word_1_130' title='bbox 467 1744 539 1789; x_wconf 89' lang='lat' dir='ltr'>oum</span> <span class='ocrx_word' id='word_1_131' title='bbox 563 1723 642 1809; x_wconf 89' lang='lat' dir='ltr'>leni)</span> <span class='ocrx_word' id='word_1_132' title='bbox 669 1725 796 1791; x_wconf 86' lang='lat' dir='ltr'>videtur</span> <span class='ocrx_word' id='word_1_133' title='bbox 821 1723 921 1810; x_wconf 80' lang='lat' dir='ltr'>vulgo</span> <span class='ocrx_word' id='word_1_134' title='bbox 949 1728 1115 1810; x_wconf 81' lang='lat' dir='ltr'>receptum</span> <span class='ocrx_word' id='word_1_135' title='bbox 1139 1723 1253 1805; x_wconf 86' lang='lat' dir='ltr'>fuisse,</span> <span class='ocrx_word' id='word_1_136' title='bbox 1279 1724 1376 1790; x_wconf 88' lang='lat' dir='ltr'>etiam</span> 
     </span>
     <span class='ocr_line' id='line_1_15' title="bbox 206 1825 1376 1918; baseline -0.002 -20"><span class='ocrx_word' id='word_1_137' title='bbox 206 1832 292 1917; x_wconf 86' lang='lat' dir='ltr'>apud</span> <span class='ocrx_word' id='word_1_138' title='bbox 312 1831 446 1910; x_wconf 80' lang='lat' dir='ltr'>Atticos,</span> <span class='ocrx_word' id='word_1_139' title='bbox 467 1831 587 1898; x_wconf 84' lang='lat' dir='ltr'>Herod</span> <span class='ocrx_word' id='word_1_140' title='bbox 611 1834 641 1896; x_wconf 82' lang='lat' dir='ltr'><em>E</em></span> <span class='ocrx_word' id='word_1_141' title='bbox 660 1838 730 1901; x_wconf 86' lang='grc'>203.</span> <span class='ocrx_word' id='word_1_142' title='bbox 763 1832 857 1899; x_wconf 80' lang='lat' dir='ltr'>Euat.</span> <span class='ocrx_word' id='word_1_143' title='bbox 879 1855 910 1918; x_wconf 89' lang='lat' dir='ltr'>p.</span> <span class='ocrx_word' id='word_1_144' title='bbox 928 1837 996 1911; x_wconf 84' lang='lat'><strong>178,</strong></span> <span class='ocrx_word' id='word_1_145' title='bbox 1017 1838 1066 1901; x_wconf 88' lang='grc'>20.</span> <span class='ocrx_word' id='word_1_146' title='bbox 1090 1869 1127 1880; x_wconf 95' lang='grc'>-</span> <span class='ocrx_word' id='word_1_147' title='bbox 1152 1825 1290 1915; x_wconf 65' lang='grc' dir='ltr'>ἁθρόος.</span> <span class='ocrx_word' id='word_1_148' title='bbox 1326 1832 1376 1896; x_wconf 91' lang='lat' dir='ltr'>De</span> 
     </span>
     <span class='ocr_line' id='line_1_16' title="bbox 206 1934 1376 2025; baseline -0.001 -20"><span class='ocrx_word' id='word_1_149' title='bbox 206 1940 267 2005; x_wconf 88' lang='lat' dir='ltr'>hoe</span> <span class='ocrx_word' id='word_1_150' title='bbox 288 1939 334 2004; x_wconf 89' lang='lat' dir='ltr'>its</span> <span class='ocrx_word' id='word_1_151' title='bbox 354 1938 500 2024; x_wconf 90' lang='lat' dir='ltr'>loquitur</span> <span class='ocrx_word' id='word_1_152' title='bbox 519 1938 723 2006; x_wconf 87' lang='lat' dir='ltr'>Herodianus</span> <span class='ocrx_word' id='word_1_153' title='bbox 745 1942 790 2002; x_wconf 89' lang='lat' dir='ltr'><strong><em>M</em></strong></span> <span class='ocrx_word' id='word_1_154' title='bbox 801 1945 860 2007; x_wconf 84' lang='lat'>391</span> <span class='ocrx_word' id='word_1_155' title='bbox 884 1938 935 2023; x_wconf 86' lang='lat' dir='ltr'>(of.</span> <span class='ocrx_word' id='word_1_156' title='bbox 954 1939 1053 2005; x_wconf 86' lang='lat' dir='ltr'>schol.</span> <span class='ocrx_word' id='word_1_157' title='bbox 1070 1934 1103 2007; x_wconf 83' lang='grc' dir='ltr'><em>Ξ</em></span> <span class='ocrx_word' id='word_1_158' title='bbox 1114 1944 1166 2023; x_wconf 88' lang='grc'>38)</span> <span class='ocrx_word' id='word_1_159' title='bbox 1189 1938 1281 2025; x_wconf 85' lang='lat' dir='ltr'>quasi</span> <span class='ocrx_word' id='word_1_160' title='bbox 1303 1962 1376 2004; x_wconf 87' lang='lat' dir='ltr'>cum</span> 
     </span>
     <span class='ocr_line' id='line_1_17' title="bbox 206 2044 1458 2133; baseline -0.006 -21"><span class='ocrx_word' id='word_1_161' title='bbox 206 2046 368 2133; x_wconf 83' lang='lat' dir='ltr'>signifieat</span> <span class='ocrx_word' id='word_1_162' title='bbox 388 2044 516 2111; x_wconf 86' lang='lat' dir='ltr'>crebros</span> <span class='ocrx_word' id='word_1_163' title='bbox 538 2067 604 2112; x_wconf 88' lang='lat' dir='ltr'>non</span> <span class='ocrx_word' id='word_1_164' title='bbox 625 2047 783 2114; x_wconf 82' lang='lat' dir='ltr'>scribetur</span> <span class='ocrx_word' id='word_1_165' title='bbox 804 2046 906 2113; x_wconf 86' lang='lat' dir='ltr'>aliter.</span> <span class='ocrx_word' id='word_1_166' title='bbox 941 2044 1092 2112; x_wconf 86' lang='lat' dir='ltr'>Formam</span> <span class='ocrx_word' id='word_1_167' title='bbox 1110 2049 1196 2112; x_wconf 85' lang='lat' dir='ltr'>certe</span> <span class='ocrx_word' id='word_1_168' title='bbox 1209 2045 1374 2112; x_wconf 80' lang='lat' dir='ltr'>Eustathii</span> <span class='ocrx_word' id='word_1_169' title='bbox 1387 2052 1458 2121; x_wconf 76' lang='grc'>(341)</span> 
     </span>
     <span class='ocr_line' id='line_1_18' title="bbox 205 2153 1376 2240; baseline 0.002 -21"><span class='ocrx_word' id='word_1_170' title='bbox 205 2153 405 2238; x_wconf 89' lang='lat' dir='ltr'>temporibus</span> <span class='ocrx_word' id='word_1_171' title='bbox 433 2155 473 2235; x_wconf 85' lang='lat' dir='ltr'>(v.</span> <span class='ocrx_word' id='word_1_172' title='bbox 495 2178 526 2239; x_wconf 84' lang='lat' dir='ltr'>p.</span> <span class='ocrx_word' id='word_1_173' title='bbox 549 2155 641 2238; x_wconf 82' lang='grc'>1386)</span> <span class='ocrx_word' id='word_1_174' title='bbox 670 2154 735 2220; x_wconf 81' lang='lat' dir='ltr'>iam</span> <span class='ocrx_word' id='word_1_175' title='bbox 764 2154 983 2221; x_wconf 87' lang='lat' dir='ltr'>oblitteratam</span> <span class='ocrx_word' id='word_1_176' title='bbox 1012 2153 1231 2240; x_wconf 84' lang='lat' dir='ltr'>compluribus</span> <span class='ocrx_word' id='word_1_177' title='bbox 1252 2153 1376 2221; x_wconf 90' lang='lat' dir='ltr'>Demo·</span> 
     </span>
     <span class='ocr_line' id='line_1_19' title="bbox 206 2254 1376 2329; baseline 0 -3"><span class='ocrx_word' id='word_1_178' title='bbox 206 2261 330 2327; x_wconf 88' lang='lat' dir='ltr'>stheuis</span> <span class='ocrx_word' id='word_1_179' title='bbox 351 2264 385 2326; x_wconf 87' lang='lat' dir='ltr'>et</span> <span class='ocrx_word' id='word_1_180' title='bbox 404 2260 550 2327; x_wconf 87' lang='lat' dir='ltr'>Platonis</span> <span class='ocrx_word' id='word_1_181' title='bbox 570 2262 651 2328; x_wconf 86' lang='lat' dir='ltr'>loeis</span> <span class='ocrx_word' id='word_1_182' title='bbox 673 2263 757 2328; x_wconf 86' lang='lat' dir='ltr'>eruit</span> <span class='ocrx_word' id='word_1_183' title='bbox 777 2266 810 2328; x_wconf 90' lang='lat' dir='ltr'>et</span> <span class='ocrx_word' id='word_1_184' title='bbox 829 2263 973 2329; x_wconf 88' lang='lat' dir='ltr'>restituit</span> <span class='ocrx_word' id='word_1_185' title='bbox 993 2262 1169 2328; x_wconf 85' lang='lat' dir='ltr'>Bekkerus.</span> <span class='ocrx_word' id='word_1_186' title='bbox 1192 2296 1231 2306; x_wconf 91' lang='lat'>-</span> <span class='ocrx_word' id='word_1_187' title='bbox 1253 2254 1376 2326; x_wconf 77' lang='lat' dir='ltr'>‹imoe-</span> 
     </span>
     <span class='ocr_line' id='line_1_20' title="bbox 206 2362 1441 2454; baseline 0.002 -23"><span class='ocrx_word' id='word_1_188' title='bbox 206 2362 269 2446; x_wconf 76' lang='grc' dir='ltr'>πές</span> <span class='ocrx_word' id='word_1_189' title='bbox 285 2369 398 2436; x_wconf 72' lang='grc'>(2209.</span> <span class='ocrx_word' id='word_1_190' title='bbox 433 2363 634 2450; x_wconf 71' lang='grc' dir='ltr'><strong><em>ἑσπομένοιο</em></strong></span> <span class='ocrx_word' id='word_1_191' title='bbox 655 2372 690 2435; x_wconf 87' lang='grc' dir='ltr'><em>Κ</em></span> <span class='ocrx_word' id='word_1_192' title='bbox 702 2376 773 2438; x_wconf 90' lang='grc'>246.</span> <span class='ocrx_word' id='word_1_193' title='bbox 809 2363 952 2435; x_wconf 78' lang='grc' dir='ltr'><strong><em>ἔστασαν</em></strong></span> <span class='ocrx_word' id='word_1_194' title='bbox 972 2392 1049 2447; x_wconf 81' lang='lat' dir='ltr'>aar,</span> <span class='ocrx_word' id='word_1_195' title='bbox 1071 2364 1212 2433; x_wconf 77' lang='grc' dir='ltr'><strong><em>ἕστασαν</em></strong></span> <span class='ocrx_word' id='word_1_196' title='bbox 1233 2368 1373 2454; x_wconf 88' lang='lat' dir='ltr'>plusqpf.</span> <span class='ocrx_word' id='word_1_197' title='bbox 1392 2383 1441 2434; x_wconf 76' lang='lat'>³32</span> 
     </span>
     <span class='ocr_line' id='line_1_21' title="bbox 207 2468 1376 2564; baseline 0.003 -25"><span class='ocrx_word' id='word_1_198' title='bbox 207 2476 271 2557; x_wconf 87' lang='lat' dir='ltr'>(cui</span> <span class='ocrx_word' id='word_1_199' title='bbox 293 2474 390 2540; x_wconf 89' lang='lat' dir='ltr'>etiam</span> <span class='ocrx_word' id='word_1_200' title='bbox 410 2474 615 2543; x_wconf 82' lang='lat' dir='ltr'>Ptolemaeus</span> <span class='ocrx_word' id='word_1_201' title='bbox 636 2478 822 2564; x_wconf 80' lang='lat' dir='ltr'>assentitur)</span> <span class='ocrx_word' id='word_1_202' title='bbox 845 2480 889 2541; x_wconf 83' lang='lat' dir='ltr'><strong><em>M</em></strong></span> <span class='ocrx_word' id='word_1_203' title='bbox 908 2486 957 2545; x_wconf 90' lang='grc'>55.</span> <span class='ocrx_word' id='word_1_204' title='bbox 981 2473 1082 2542; x_wconf 74' lang='grc' dir='ltr'><strong><em>ἄσσαε</em></strong></span> <span class='ocrx_word' id='word_1_205' title='bbox 1104 2468 1190 2540; x_wconf 81' lang='grc' dir='ltr'><strong><em>ἄσσα</em></strong></span> <span class='ocrx_word' id='word_1_206' title='bbox 1211 2476 1265 2542; x_wconf 81' lang='lat' dir='ltr'>Et.</span> <span class='ocrx_word' id='word_1_207' title='bbox 1285 2476 1329 2541; x_wconf 89' lang='grc' dir='ltr'>Μ.</span> <span class='ocrx_word' id='word_1_208' title='bbox 1351 2500 1376 2542; x_wconf 89' lang='lat' dir='ltr'>s.</span> 
     </span>
    </p>
   </div>
   <div class='ocr_carea' id='block_1_3' title="bbox 203 2574 1376 2994">
    <p class='ocr_par' dir='ltr' id='par_1_3' title="bbox 203 2574 1376 2994">
     <span class='ocr_line' id='line_1_22' title="bbox 205 2574 1376 2674; baseline 0.003 -29"><span class='ocrx_word' id='word_1_209' title='bbox 205 2604 234 2645; x_wconf 81' lang='grc' dir='ltr'>ν.</span> <span class='ocrx_word' id='word_1_210' title='bbox 249 2619 290 2629; x_wconf 93' lang='grc'>-</span> <span class='ocrx_word' id='word_1_211' title='bbox 304 2581 475 2667; x_wconf 88' lang='lat' dir='ltr'>Proprium</span> <span class='ocrx_word' id='word_1_212' title='bbox 486 2574 634 2665; x_wconf 85' lang='grc' dir='ltr'><strong><em>Ἰαμενός</em></strong></span> <span class='ocrx_word' id='word_1_213' title='bbox 647 2588 691 2648; x_wconf 89' lang='lat' dir='ltr'><strong><em>M</em></strong></span> <span class='ocrx_word' id='word_1_214' title='bbox 703 2591 763 2654; x_wconf 81' lang='grc'>193</span> <span class='ocrx_word' id='word_1_215' title='bbox 779 2578 1016 2669; x_wconf 80' lang='grc' dir='ltr'><strong><em>,,Ἀρίοταρχος</em></strong></span> <span class='ocrx_word' id='word_1_216' title='bbox 1032 2582 1145 2674; x_wconf 79' lang='grc' dir='ltr'><strong><em>ψιλοῖ·</em></strong></span> <span class='ocrx_word' id='word_1_217' title='bbox 1167 2577 1186 2648; x_wconf 87' lang='grc' dir='ltr'>ὁ</span> <span class='ocrx_word' id='word_1_218' title='bbox 1209 2579 1247 2648; x_wconf 79' lang='grc' dir='ltr'>δὲ</span> <span class='ocrx_word' id='word_1_219' title='bbox 1258 2577 1376 2649; x_wconf 80' lang='grc' dir='ltr'><strong><em>Ἀσκα-</em></strong></span> 
     </span>
     <span class='ocr_line' id='line_1_23' title="bbox 206 2683 1376 2779; baseline 0.003 -28"><span class='ocrx_word' id='word_1_220' title='bbox 206 2684 344 2776; x_wconf 82' lang='grc' dir='ltr'><strong><em>λωνίτης</em></strong></span> <span class='ocrx_word' id='word_1_221' title='bbox 368 2683 483 2778; x_wconf 75' lang='grc' dir='ltr'><strong><em>φησίν,</em></strong></span> <span class='ocrx_word' id='word_1_222' title='bbox 520 2684 579 2755; x_wconf 73' lang='grc' dir='ltr'>ἐὰν</span> <span class='ocrx_word' id='word_1_223' title='bbox 605 2686 666 2774; x_wconf 76' lang='grc' dir='ltr'>μὲν</span> <span class='ocrx_word' id='word_1_224' title='bbox 696 2683 767 2758; x_wconf 78' lang='grc' dir='ltr'>ἀπὸ</span> <span class='ocrx_word' id='word_1_225' title='bbox 796 2695 856 2779; x_wconf 77' lang='grc' dir='ltr'>τῆς</span> <span class='ocrx_word' id='word_1_226' title='bbox 886 2684 1009 2769; x_wconf 78' lang='grc' dir='ltr'><strong><em>ἰάσεως</em></strong></span> <span class='ocrx_word' id='word_1_227' title='bbox 1034 2686 1219 2778; x_wconf 61' lang='lat' dir='ltr'>declarator,</span> <span class='ocrx_word' id='word_1_228' title='bbox 1253 2687 1313 2756; x_wconf 74' lang='grc' dir='ltr'>ἐὰν</span> <span class='ocrx_word' id='word_1_229' title='bbox 1340 2688 1376 2755; x_wconf 78' lang='grc' dir='ltr'>δὲ</span> 
     </span>
     <span class='ocr_line' id='line_1_24' title="bbox 205 2789 1375 2885; baseline 0.003 -25"><span class='ocrx_word' id='word_1_230' title='bbox 205 2789 276 2864; x_wconf 82' lang='grc' dir='ltr'>ἀπὸ</span> <span class='ocrx_word' id='word_1_231' title='bbox 297 2799 358 2883; x_wconf 84' lang='grc' dir='ltr'>τῆς</span> <span class='ocrx_word' id='word_1_232' title='bbox 378 2790 484 2883; x_wconf 78' lang='grc' dir='ltr'><strong><em>ὁρμῆς</em></strong></span> <span class='ocrx_word' id='word_1_233' title='bbox 499 2793 684 2868; x_wconf 80' lang='grc' dir='ltr'><strong><em>δασυντέον.</em></strong></span> <span class='ocrx_word' id='word_1_234' title='bbox 719 2794 856 2882; x_wconf 83' lang='grc' dir='ltr'><strong><em>ἄμεινον</em></strong></span> <span class='ocrx_word' id='word_1_235' title='bbox 871 2796 908 2864; x_wconf 76' lang='grc' dir='ltr'>δὲ</span> <span class='ocrx_word' id='word_1_236' title='bbox 922 2792 1114 2884; x_wconf 81' lang='grc' dir='ltr'><strong><em>προκρίνειν</em></strong></span> <span class='ocrx_word' id='word_1_237' title='bbox 1127 2796 1187 2885; x_wconf 81' lang='grc' dir='ltr'>τὴν</span> <span class='ocrx_word' id='word_1_238' title='bbox 1198 2791 1375 2883; x_wconf 80' lang='grc' dir='ltr'><strong><em>Ἀριστάρ-</em></strong></span> 
     </span>
     <span class='ocr_line' id='line_1_25' title="bbox 203 2897 1165 2994; baseline 0.001 -24"><span class='ocrx_word' id='word_1_239' title='bbox 203 2924 276 2985; x_wconf 88' lang='grc' dir='ltr'><strong><em>χου·</em></strong></span> <span class='ocrx_word' id='word_1_240' title='bbox 299 2897 396 2971; x_wconf 76' lang='grc' dir='ltr'><strong><em>οὐδὲν</em></strong></span> <span class='ocrx_word' id='word_1_241' title='bbox 416 2900 477 2989; x_wconf 71' lang='grc' dir='ltr'>γάρ</span> <span class='ocrx_word' id='word_1_242' title='bbox 501 2901 569 2973; x_wconf 72' lang='grc' dir='ltr'><strong><em>ἐστι</em></strong></span> <span class='ocrx_word' id='word_1_243' title='bbox 590 2905 720 2973; x_wconf 73' lang='grc' dir='ltr'><strong><em>κωλῦον</em></strong></span> <span class='ocrx_word' id='word_1_244' title='bbox 740 2904 800 2994; x_wconf 83' lang='grc' dir='ltr'>τὴν</span> <span class='ocrx_word' id='word_1_245' title='bbox 820 2899 1008 2991; x_wconf 76' lang='grc' dir='ltr'><strong><em>ἀνάγνωσιν</em></strong></span> <span class='ocrx_word' id='word_1_246' title='bbox 1029 2899 1165 2972; x_wconf 48' lang='grc' dir='ltr'>αὐτοῦῑῑ.</span> 
     </span>
    </p>
   </div>
   <div class='ocr_carea' id='block_1_4' title="bbox 0 0 1718 4934">
    <p class='ocr_par' dir='ltr' id='par_1_4' title="bbox 0 0 1718 4934">
     <span class='ocr_line' id='line_1_26' title="bbox 0 0 1718 4934; baseline 0 2"><span class='ocrx_word' id='word_1_247' title='bbox 0 0 1718 4934; x_wconf 95' lang='lat' dir='ltr'> </span> 
     </span>
    </p>
   </div>
  </div>
 </body>
</html>
