3425 4934
309 323 330 373 i.
361 317 536 373 Aristarchus
552 317 681 373 universa
697 317 772 373 huuc
789 315 882 373 locum
900 316 1012 387 egregie
1029 317 1171 374 metavit
1277 327 1316 387 47

143 482 263 568 aranda
278 479 317 549 δέ
331 480 433 549 ἐστιν·
457 478 495 550 ού
512 483 639 573 τυφλὸς
652 476 687 562 λς
706 480 862 564 σκοπιάς,
886 480 972 550 ἀλλὰ
990 481 1180 551 τούναντίον
1201 484 1318 569 δεδορ-

144 587 219 669 κώς·
246 587 304 656 καί
324 584 344 658 ὁ
362 590 506 683 ποιητὴς
526 585 690 668 οὐδέποτε
711 585 822 680 ι’ίρηιιι
842 592 987 683 σκοπιὴν
1006 591 1084 672 τοὺς
1104 586 1318 683 ὀφθαλμούς.

145 698 217 767 Solu
243 702 276 762 o
296 704 371 768 538:

224 796 272 884 ίίς
290 797 409 895 ἔφαθ’·
429 800 463 873 οἱ
484 801 518 871 d'
542 802 664 875 ίίνισαίν
684 832 720 874 τε
740 802 851 888 πύλας
867 807 925 876 καί
945 802 1086 877 ἇποῑσαν
1107 801 1222 897 ὀχῆας·

226 908 263 979 αἱ
286 910 324 980 δὲ
344 917 569 981 πετασθεῖσαι
588 917 704 998 τεῦξαν
726 915 813 1007 φάος
833 940 891 983 -.·

145 1014 177 1108 (ἦ
193 1020 312 1111 διπλῆ)
335 1017 390 1088 ὅτι
403 1016 592 1109 Ζηνόδοτος
608 1020 685 1103 τοὺς
705 1020 833 1106 στίχους
853 1018 1006 1114 ἠθέτηκε,
1028 1022 1160 1109 γελοῖον
1180 1017 1320 1113 ἡγούμε-

144 1153 199 1208 νος
220 1128 280 1195 διὰ
301 1122 411 1218 πύλης
430 1124 639 1218 φωτίζεσθαι
660 1130 718 1220 τὴν
738 1127 850 1213 πόλιν,
873 1134 933 1198 τοῦ
952 1130 1078 1209 παντὸς
1098 1127 1205 1198 τόπου
1227 1126 1319 1195 ἔναι-

144 1233 245 1323 θρίου
272 1230 378 1316 ὄντος.
421 1234 511 1323 λέγει
537 1235 575 1305 δὲ
599 1241 735 1326 »τεῦξαν
760 1233 871 1328 φάος(
900 1231 972 1306 ἀντὶ
996 1243 1057 1307 τοῦ
1076 1238 1136 1328 τὴν
1157 1232 1319 1324 σωτηρίαν

141 1348 211 1424 τοῖς
229 1342 410 1436 φεύγουσιν
430 1342 602 1434 ἐποίησαν,
624 1340 670 1426 ὡς
690 1344 725 1414 ἐν
744 1350 793 1434 τῷ
813 1345 932 1437 ,,φόιος
954 1341 987 1413 d'
1010 1342 1177 1433 ἑτάροισιν
1197 1341 1320 1433 ἔθηκεν

143 1446 251 1540 ἄνδρα
275 1451 409 1539 βαλιίν“
438 1458 483 1539 (Ζ
505 1460 548 1540 6).
590 1455 653 1523 Vel
676 1455 938 1542 frequentissime
963 1457 1199 1522 occurrentium
1224 1476 1319 1521 voca·

142 1561 296 1629 bulorum
308 1566 377 1629 tam
387 1562 559 1630 vacillabat
573 1563 728 1649 cognitio,
742 1568 779 1630 ut
794 1565 987 1651 quibusdam
1001 1565 1207 1631 commodum
1215 1564 1319 1629 visum

141 1664 236 1754 ἔγχος
251 1670 360 1755 aliquo
380 1670 453 1737 loco
467 1671 641 1737 Homerico
656 1694 714 1756 pro
730 1672 839 1759 gladio
854 1673 1007 1758 accipere,
1029 1673 1118 1758 quod
1131 1672 1319 1738 Aristarcho

143 1779 274 1845 domurn
295 1778 502 1846 mintandum
523 1782 593 1845 erat
612 1779 691 1862 (soh.
708 1782 744 1843 H
764 1785 835 1848 255.
856 1780 980 1865 273)²⁷.

223 1997 245 2077 ἕ
272 2000 303 2062 2.
349 1992 419 2060 lam
454 1993 506 2060 his
535 1994 646 2079 paucis
678 1994 833 2081 exemplis
866 1994 941 2077 (alia
970 2017 1067 2081 porro
1098 1994 1319 2081 progredienti
1332 2005 1386 2075 (56)

143 2103 328 2184 occurrant)
348 2100 546 2188 intelligitur
559 2103 689 2187 quantis
708 2124 747 2168 ex
766 2102 928 2168 amoribus
942 2101 1077 2168 Homeri
1097 2102 1320 2187 interpretatio

143 2207 335 2276 Aristarcho
362 2208 527 2293 eripienda
552 2214 646 2277 esset.
690 2207 763 2288 Quo
790 2209 898 2275 minus
925 2211 953 2276 si
979 2211 1057 2295 quid
1082 2210 1152 2295 ipse
1178 2210 1323 2294 peccavit

142 2317 175 2383 in
190 2320 297 2395 tanto,
317 2320 386 2381 tam
406 2316 504 2395 vario,
526 2321 594 2383 tam
615 2339 700 2384 nouo
723 2338 819 2402 quem
840 2318 995 2383 sustinuit
1010 2317 1121 2385 labore
1143 2317 1251 2383 mhari
1271 2317 1322 2382 vel

143 2427 326 2493 detrectare
348 2444 488 2509 aequum
501 2424 670 2491 videbitur.
703 2424 766 2491 Est
786 2425 844 2491 ubi
865 2425 900 2490 in
922 2425 1120 2513 etymologia
1140 2425 1249 2511 lapsus
1270 2425 1321 2503 sit,

144 2534 231 2619 quod
247 2553 356 2619 genus
377 2553 450 2598 cum
469 2531 678 2617 antiquorum
698 2533 796 2599 etiam
817 2532 1075 2618 prudentissimis
1096 2532 1201 2599 fraudi
1222 2533 1321 2598 finisse

142 2642 330 2709 inveniatur
360 2660 447 2705 nuuc
478 2639 579 2725 (quod
607 2640 661 2705 diu
689 2641 840 2723 debebat)
871 2662 892 2705 a
916 2640 1108 2706 doctissimis
1138 2641 1322 2726 quibusque

142 2749 341 2835 aequissime
366 2746 566 2813 censetur²⁸r
594 2751 644 2814 est
669 2748 727 2815 ubi
753 2752 821 2814 arte
843 2752 877 2814 et
896 2749 1022 2813 ratione
1044 2748 1194 2834 egregius
1215 2747 1322 2812 fallaci

143 2856 286 2942 quadam
317 2855 424 2940 specie
455 2854 601 2922 locorum
634 2855 843 2942 probantium
880 2855 1033 2941 deceptus
1066 2856 1121 2936 sit,
1157 2855 1246 2940 quod
1273 2858 1323 2934 (ut

142 2964 294 3050 exemplo
311 2966 385 3028 utar
398 2984 510 3029 recens
524 2963 716 3049 disceptato)
737 2964 772 3029 in
790 2962 948 3030 vocabulo
969 2957 1111 3047 πρυλέες
1130 2983 1243 3049 passus
1265 2966 1323 3041 est,

142 3074 169 3138 si
191 3071 329 3157 quidem
355 3071 425 3136 eius
445 3070 533 3136 vocis
561 3070 732 3156 explicatio
757 3071 841 3137 bana
868 3070 965 3137 cessit
984 3070 1172 3137 Hermanno
1199 3073 1321 3157 (opusc.

141 3179 256 3266 philol
279 3176 329 3244 IV
350 3200 382 3263 p.
401 3180 482 3261 288).
521 3177 671 3264 Denique
692 3183 769 3245 snut
789 3179 963 3264 quaedam,
987 3178 1044 3244 sed
1060 3179 1263 3265 paucissima,
1285 3178 1321 3242 in
1337 3201 1370 3250 ιτ

142 3288 263 3373 quibua
286 3306 348 3352 sua
367 3285 437 3371 ipsa
459 3285 565 3352 effecit
584 3286 790 3371 praestantia,
811 3292 849 3353 ut
869 3308 943 3353 uere
965 3286 1015 3352 sui
1037 3286 1200 3351 dissimilis
1220 3285 1320 3351 fuisse

142 3395 302 3461 dicendus
330 3394 381 3459 sit
430 3391 516 3460 Nam
548 3394 637 3479 quod
664 3393 736 3460 aliis
763 3394 1001 3479 quodammodo
1029 3415 1088 3479 pro
1115 3395 1320 3460 excusatione

142 3525 212 3569 esse
226 3501 450 3579 concedimus,
472 3506 510 3567 ut
522 3523 581 3587 pro
595 3501 705 3567 natira
721 3505 837 3587 poetae
851 3501 1058 3587 simplicitate
1080 3501 1203 3588 aliquid
1225 3523 1322 3587 gran·

142 3611 213 3676 dius
235 3629 362 3676 sonans
388 3613 614 3675 consectentur
633 3608 685 3674 vel
706 3630 746 3673 ex
765 3608 890 3696 vulgari
912 3610 1068 3676 sermonis
1090 3608 1322 3675 consuetudine

140 3719 192 3785 vel
207 3740 248 3785 ex
261 3720 464 3783 remotarum
485 3717 694 3783 dialectorum
715 3717 809 3782 docta
830 3716 1052 3802 suppellectile
1074 3716 1194 3802 aliquid
1215 3721 1321 3782 trans·

208 3972 235 4013 27
252 3968 298 4024 De
320 3965 422 4023 Stoicis
443 3964 536 4022 dicere
555 3982 612 4021 uon
634 3981 736 4036 operae
760 3963 884 4036 pretium
909 3967 977 4021 erat.
1012 3964 1094 4021 Teste
1111 3963 1262 4020 Plutarcho
1285 3963 1320 4019 de

140 4060 217 4128 poet.
228 4053 300 4110 aud.
314 4070 343 4123 p.
355 4056 405 4107 31⁶
418 4049 449 4104 in
459 4049 613 4106 Homericis
621 4049 769 4106 Cleanthes
781 4048 872 4105 voluit
882 4051 941 4105 Ζιῦ
957 4042 1166 4106 haledown
1177 4044 1323 4117 ,σαλεύων

141 4133 360 4212 ἀναγινώσκειν
379 4126 431 4204 ὑφ’
448 4129 493 4202 ἓν,
516 4126 557 4200 ὥς
577 4130 631 4191 τὸν
653 4131 688 4191 dn
708 4138 760 4204 τῆς
776 4137 829 4204 γῆς
852 4126 1098 4203 ἀναθυμιώμενον
1115 4126 1189 4205 ιίίρα
1205 4128 1254 4190 διὰ
1270 4127 1323 4204 τὴν

140 4216 314 4283 ἀνάδοσιν.
334 4217 490 4289 Chrysippo
499 4211 629 4291 εύρύοαα
638 4219 784 4289 Κρονίδης
792 4217 975 4274 excellentem
986 4219 1125 4273 oratorem
1136 4216 1321 4289 significabat.

206 4311 235 4352 ²8
253 4325 281 4365 v.
298 4301 435 4360 Niebuhr.
453 4303 518 4359 hist.
535 4303 566 4358 ll.
586 4304 599 4358 1
618 4321 646 4374 p.
660 4307 700 4358 23.
718 4302 826 4357 Mitller.
842 4302 1000 4372 Prolegom.
1020 4302 1110 4373 Myth.
1122 4322 1149 4374 p.
1164 4309 1221 4359 232.
1240 4304 1322 4359 Butt-

141 4408 236 4447 mann.
254 4389 378 4460 Mythol.
397 4387 425 4441 II
443 4405 471 4458 p.
491 4394 548 4445 353.
