3425 4934
600 307 624 360 2.
646 302 689 361 De
705 302 956 376 intsraspiraticna.
1300 310 1361 374 325

191 473 281 552 Quae
296 472 446 539 hocloco
463 473 502 539 de
521 474 552 539 ri
569 478 603 539 et
623 476 738 539 natura
757 472 963 559 aspirationis
986 474 1133 558 exposita
1144 473 1261 552 habes,
1283 471 1360 557 Try·

189 581 298 667 phoni,
320 585 357 647 ut
378 585 473 646 antea
493 581 680 667 apparebat,
701 580 1041 648 accommodatissima.
1083 578 1242 668 Argutius
1264 580 1361 646 etiam

188 687 311 774 aliquid
336 688 370 753 in
396 687 531 755 eandem
556 689 750 756 sententiam
775 689 972 776 excogitavit
996 688 1151 756 Seleucus
1171 687 1192 756 l
1212 688 1233 755 l.
1254 693 1361 775 (398³)

187 796 259 874 τοῖς
284 789 522 880 medicaminis
550 793 745 884 φωνηέντων
770 793 856 861 κατὰ
883 792 944 873 τὰς
969 788 1167 874 deridearis
1189 787 1361 879 ὀνομάτων

188 898 336 991 ἐκφορὰς
360 897 627 992 συνεκφέρεσθαι
649 898 765 970 ἐθέλει
791 906 844 987 (ευ.
867 900 906 970 τὸ
929 906 1089 987 πνεῦμα),
1120 900 1178 969 καὶ
1203 899 1363 972 ἐνταυθοῖ

187 1002 399 1100 προᾴττουσα
421 1007 479 1076 καὶ
497 1007 610 1092 τάχιον
631 1006 798 1077 ἐκθέουσα
820 1004 864 1077 δι’
881 1006 1051 1097 ἐπιπολῆς
1065 1005 1135 1076 ἐστι
1148 1012 1214 1076 τῶν
1233 1007 1361 1092 λέξεων.

187 1111 443 1202 τεκμαιρόμενοι
470 1108 528 1185 οὖν
545 1110 726 1207 Ἀθηναῖοι
751 1116 810 1185 καὶ
835 1117 895 1185 διὰ
915 1122 977 1206 τῆς
995 1112 1120 1200 τάξεως
1140 1115 1201 1205 τὴν
1222 1115 1360 1187 ἐνοῦσαν

187 1228 228 1316 τῇ
249 1220 426 1315 προσῳδίᾳ
451 1219 566 1315 φόσιν,
595 1219 656 1293 οὐκ
678 1222 820 1292 ἐπὶτῶν
842 1222 1038 1314 φωνηέντων
1057 1222 1224 1305 τιθέασιν,
1249 1222 1359 1311 ὥσπερ

186 1330 248 1411 τὰς
267 1326 382 1413 ἄλλος,
407 1330 473 1419 πρὸ
492 1330 528 1399 δὲ
547 1326 673 1401 τούτων
692 1329 939 1423 τάσσουσιν...
960 1328 991 1399 εἰ
1013 1331 1050 1400 δὲ
1069 1326 1241 1421 τοιαότηη
1260 1328 1360 1400 δασό-

187 1464 258 1528 της,
290 1434 424 1529 μήποτε
452 1434 584 1526 ἀλόγως
612 1439 697 1508 κατὰ
727 1440 788 1530 τὴν
812 1441 1018 1509 τελευτῶσαν
1042 1439 1212 1530 συλλαβὴν
1233 1432 1252 1510 ό
1273 1428 1361 1520 ταῶς

187 1545 271 1634 πρὸς
289 1551 356 1615 τῶν
373 1541 533 1616 Ἀττικῶν
553 1552 783 1635 προσπνεῖται.

269 1658 368 1725 Vides
394 1657 445 1724 his
467 1658 686 1744 grammaticis
706 1681 775 1725 rem
796 1660 912 1725 miram
933 1659 1098 1736 accidisse,
1126 1661 1184 1727 sed
1203 1660 1267 1727 hoc
1287 1661 1358 1747 ipso

188 1791 258 1836 esse
287 1766 504 1834 certissimam
551 1766 689 1833 Causam
715 1767 743 1832 si
773 1767 915 1852 quaeris,
943 1789 995 1833 mc
1023 1769 1171 1854 ignorare
1194 1768 1369 1854 profiteor.¹

185 1875 322 1942 Audebo
343 1877 453 1940 tamen
474 1873 608 1951 referre,
631 1896 714 1959 quae
737 1875 776 1941 de
798 1897 837 1941 ea
856 1897 892 1941 re
914 1897 981 1940 non
1003 1874 1107 1940 dicam
1126 1874 1278 1959 inquisivi
1302 1877 1359 1943 sed

185 1985 300 2051 ludens
321 1982 469 2068 cogitavi.
511 1978 596 2048 Nam
617 1983 757 2068 primum
779 1982 976 2061 occurrebat,
997 1986 1036 2048 ut
1049 1982 1111 2048 hoc
1125 2005 1226 2048 unum
1241 2005 1358 2050 nomen

185 2093 413 2179 aspirationem
429 2111 634 2156 communem
648 2089 782 2156 haberet
803 2112 878 2156 cum
898 2089 1058 2157 bacchicis
1079 2089 1144 2155 illis
1165 2090 1358 2158 interiectio·

184 2202 295 2279 nibus,
324 2200 477 2285 possetne
501 2218 706 2264 communem
734 2198 832 2265 etium
853 2198 1059 2284 aspirationis
1080 2220 1209 2264 causam
1229 2197 1358 2265 habere.

185 2308 291 2387 Quare
324 2305 411 2392 quod
442 2305 612 2392 plerasque
643 2328 717 2373 aves
746 2329 765 2372 a
793 2307 860 2372 suis
886 2306 1019 2372 vocibus
1052 2328 1170 2372 nomen
1198 2306 1358 2391 accepisse

185 2415 363 2498 constabat,
384 2412 552 2479 videbatur
574 2415 684 2499 quaeri
704 2436 810 2502 posse,
831 2415 916 2480 sitne
936 2415 1022 2480 inter
1042 2436 1096 2480 aas

268 2518 326 2587 καὶ
345 2517 432 2606 πρὸς
452 2514 509 2584 ἐπὶ
531 2513 661 2598 τούτοις
680 2518 825 2600 τιθασὸς
846 2515 1029 2603 οἰμώζων
1048 2512 1138 2599 ταώς

186 2631 351 2717 (Anaxilas
370 2618 632 2713 Ὀρνιθοκόμοις
652 2651 700 2715 ap.
722 2630 842 2698 Athen.
863 2628 940 2696 XIV
953 2653 985 2716 p.
1001 2631 1104 2715 6552).
1139 2628 1177 2696 Id
1198 2652 1271 2696 cum
1292 2653 1358 2697 non

184 2737 396 2827 improbabile
412 2740 505 2813 esset,
521 2757 595 2801 eum
609 2758 675 2803 non
689 2737 827 2804 multum
839 2736 1053 2819 morabamur,
1068 2738 1124 2824 qui
1138 2738 1224 2824 apud
1238 2738 1357 2805 Athen.

184 2875 215 2937 p,
238 2854 321 2919 398³
342 2846 477 2912 fidenter
496 2845 698 2929 pronuntiat:
721 2837 942 2928 ,,ὠνόμαοται
963 2842 1000 2910 δὲ
1020 2832 1108 2923 ταῶς
1129 2837 1199 2912 ἀπὸ
1219 2847 1280 2932 τῆς
1299 2840 1354 2909 τό·
1374 2860 1423 2910 aaa

184 2978 268 3035 σεως
287 2958 353 3020 τῶν
373 2955 542 3037 πτεριῖνν“;
567 2956 638 3018 tum
652 2975 782 3038 prorsus
800 2955 891 3020 illum
912 2954 1149 3034 contemnimus,
1172 2954 1210 3019 de
1232 2952 1358 3040 origine

184 3066 273 3134 vocis
287 3064 466 3130 Varronem
488 3061 574 3126 nacti
595 3060 862 3147 adstipulatorem
883 3061 927 3145 (V
945 3069 980 3129 11
996 3085 1026 3146 p.
1044 3067 1082 3130 81
1098 3060 1164 3147 Sp.)
1187 3066 1221 3127 et
1238 3061 1357 3128 doctis-

185 3175 302 3241 simum
324 3161 497 3251 λεξιλόγον
511 3167 740 3256 Adelungium.
775 3166 872 3234 Hunc
886 3170 1105 3234 attendamus:
1127 3168 1261 3250 „welche
1277 3167 1357 3249 (Na-

184 3284 271 3365 men)
302 3279 514 3364 insgesammt
546 3275 618 3341 eine
647 3273 887 3361 Nachahmung
916 3276 1021 3342 seinos
1056 3276 1258 3343 natlirlichen
1292 3276 1355 3344 Ge·

184 3387 323 3455 schreies
338 3384 418 3463 sind,
432 3383 579 3462 welches,
594 3383 771 3449 besonders
784 3383 838 3449 bei
852 3382 1114 3465 derPfauhenna‚
1128 3384 1203 3450 sehr
1213 3383 1355 3450 deutlich

184 3497 307 3563 Pia-u
333 3494 459 3560 lautet“.
501 3490 651 3575 Denique
684 3491 859 3559 iucundum
886 3496 967 3573 erat,
998 3514 1071 3558 cum
1097 3491 1135 3558 de
1160 3491 1354 3577 aspiratione

185 3604 383 3670 Buttmanno
416 3599 551 3666 eandem
584 3599 801 3665 coniecturam
832 3599 982 3665 incidisse
1017 3598 1355 3677 animadvertemus,

185 3731 319 3798 gramm.
340 3707 371 3775 Il
392 3713 412 3775 2
432 3731 463 3793 p.
485 3711 546 3775 380
568 3704 616 3791 <Ι2
636 3729 667 3792 p.
683 3713 722 3775 27
745 3706 840 3792 not.>.
862 3745 902 3755 -
924 3707 1032 3773 Aliam
1052 3730 1181 3773 causam
1201 3707 1437 3787 indicantes)

186 3816 365 3883 Bohlenius
379 3814 413 3880 in
428 3815 552 3881 msere.
575 3814 614 3879 de
635 3819 764 3881 mercat
778 3816 901 3907 ‘vetoris
923 3814 1042 3894 Indiae,
1064 3817 1173 3902 script.
1195 3839 1259 3883 soc.
1275 3816 1354 3884 Gar·

185 3947 270 3992 man.
292 3922 371 4010 Reg.
392 3919 407 3987 I
429 3945 459 4006 p.
481 3929 529 3989 71.
573 3920 704 3989 Scilicet
724 3922 862 3990 Arabica
882 3945 964 4009 pavo
987 3928 1037 3990 est
1057 3922 1216 4005 ,remu

652 4162 884 4174 ———--—-——-
