3425 4934
338 302 379 365 34
622 296 644 351 Ι.
661 294 703 351 De
719 294 844 351 fontibus
861 292 1004 350 doctrinae
1026 293 1226 350 Aristarcheae.

290 473 322 524 aa
423 467 444 545 ξ
466 469 495 530 2.
537 461 607 531 Neo
627 464 820 531 Enstathius
843 462 1003 529 similibus
1025 462 1186 528 erroribus
1213 462 1296 528 liber
1323 467 1385 542 est,
1414 485 1511 547 quern

337 570 424 637 limis
440 570 542 637 oculis
557 593 639 656 quos
658 573 699 638 ad
720 593 853 637 manum
874 574 1032 636 sumserat
1051 570 1152 637 libros
1172 572 1366 657 percurrisse
1387 575 1511 636 certum

339 683 396 745 est
418 677 560 745 Tantum
581 679 720 760 afferam,
742 683 900 765 quantum
922 678 999 744 satis
1021 681 1071 743 est
1091 679 1138 744 ad
1153 698 1256 765 genus
1278 700 1423 746 errorum
1444 679 1511 766 sig·

271 781 326 852 (¹¹⁰)
337 786 541 853 nificandum.
562 810 594 874 p.
611 793 699 868 1387,
721 793 761 858 28
776 790 861 852 Ζεῦν
878 786 1028 853 attribuit
1041 785 1212 871 Polycrati,
1235 786 1375 853 debebat
1387 786 1512 852 Aesch-

335 894 428 962 rioni
464 894 527 974 Qui
549 895 771 983 negligentius
785 894 991 965 Athenaeum
1004 893 1179 979 inspiceret
1199 893 1289 977 (hinc
1303 894 1390 960 enim
1403 893 1512 960 hausit

336 1000 415 1067 Vffl
435 1027 467 1088 p.
492 1006 585 1087 3350)
612 1003 675 1071 hoe
695 1006 825 1090 poterat
849 1001 944 1069 facile
968 1002 1046 1087 pati
1080 1000 1163 1067 Item
1185 1024 1217 1087 p.
1241 1007 1338 1085 1376,
1366 1008 1406 1069 24
1427 1001 1511 1067 Pisi·

337 1106 474 1175 stratum
499 1133 558 1197 pro
580 1111 715 1178 Cimone
736 1111 896 1188 nominat,
924 1130 997 1174 cum
1018 1110 1097 1174 item
1118 1131 1158 1175 er
1178 1108 1346 1177 Athenaeo
1368 1109 1512 1176 hauriret

337 1215 398 1282 XII
410 1240 442 1303 p.
456 1219 551 1287 5331).
588 1219 746 1286 Haeserat
765 1218 901 1284 enimin
914 1215 1074 1282 Pisistrati
1088 1218 1228 1299 nomine,
1250 1217 1402 1297 Cimonis,
1424 1218 1512 1303 quod

336 1346 413 1390 mox
433 1325 641 1407 interiicitur,
661 1327 859 1414 neglexerat.
903 1323 1106 1409 Quamquam
1126 1325 1184 1391 ubi
1203 1325 1409 1392 Athenaeum
1429 1327 1512 1392 male

336 1432 496 1499 intellexit
508 1435 646 1502 fortasse
661 1435 726 1499 iam
740 1433 891 1518 epitome,
913 1454 977 1517 qua
998 1454 1076 1498 usus
1098 1437 1156 1513 est,
1176 1432 1337 1519 culpanda
1357 1433 1399 1516 (v.
1413 1433 1511 1501 Dind.

337 1540 379 1605 ad
399 1541 507 1608 locum
520 1542 661 1628 priorem
681 1564 713 1627 p.
728 1544 811 1625 335).
846 1539 911 1607 Sed
929 1540 1002 1606 vide
1024 1539 1103 1606 alia:
1123 1544 1162 1605 Α
1175 1545 1236 1610 238
1257 1535 1310 1606 ὅτι
1329 1537 1414 1606 κατὰ
1435 1538 1514 1617 τοὺς

336 1646 507 1727 παλαιοὺς
530 1643 550 1737 ἡ
573 1646 844 1737 Μασσαλιωτικι)
863 1644 922 1712 καὶ
941 1644 1115 1734 Secuntur}
1139 1640 1273 1726 ἔκδυσις
1293 1649 1351 1736 τῆς
1368 1642 1514 1726 Ἰλιάδος

334 1755 374 1822 τὸ
387 1752 581 1846 μαχήσομαι
596 1755 654 1822 διὰ
669 1759 729 1824 τοῦ
742 1781 763 1845 η
779 1751 855 1838 ἔχει.
889 1758 937 1822 At
950 1755 1074 1822 scholia
1088 1749 1162 1839 (,,οὶ
1180 1752 1365 1841 παλαιοίῑί)
1384 1761 1514 1843 praeter

333 1866 394 1932 has
416 1866 495 1932 duas
515 1865 673 1932 editiones
694 1865 802 1952 plures
823 1865 1007 1940 nominant3
1036 1863 1091 1929 ille
1118 1864 1214 1932 oculo
1243 1865 1406 1952 stringens
1428 1889 1511 1951 quae

336 1974 457 2059 optime
488 1973 653 2060 placerent
681 1974 773 2058 quasi
800 1977 889 2039 sorte
912 1972 1010 2037 duxit
1052 1975 1092 2034 H
1109 1980 1170 2041 475
1193 1975 1236 2058 (p.
1259 1979 1333 2054 693,
1356 1976 1410 2058 20)
1431 1969 1452 2062 ἡ
1474 1969 1512 2038 δὲ

335 2083 399 2145 τῶν
414 2074 639 2165 ἀνδραπόδων
656 2077 746 2161 λέξις
763 2075 938 2168 νεωτερική
961 2076 1032 2146 ἐστι
1050 2078 1135 2146 κατὰ
1155 2077 1234 2158 τοὺς
1254 2075 1436 2160 παλαιούς·
1457 2078 1511 2148 διὸ

335 2185 394 2255 καὶ
409 2180 654 2276 Ἀριστοφάνης
674 2186 731 2254 καὶ
749 2182 939 2275 Ζηνόδοτος
957 2180 1106 2274 ἧθέτουν
1124 2184 1163 2254 τὸ
1184 2182 1276 2267 ἔπος,
1300 2184 1336 2253 ἐν
1356 2175 1384 2273 ᾦ
1404 2191 1511 2254 κεῖται

334 2289 356 2385 ἡ
371 2292 461 2376 λέξις
474 2292 564 2382 αὕτη.
599 2296 641 2363 H.
655 2296 677 2364 l
692 2298 761 2365 cod
777 2297 909 2364 exhibet
921 2319 1008 2364 nunc
1021 2297 1101 2363 haec
1116 2296 1307 2362 Aristonici:
1326 2287 1510 2381 άθετεῖται,

336 2397 389 2469 ὅτι
410 2401 586 2492 νεωτεριια)
612 2399 776 2488 ὀνομασία
796 2411 855 2470 τοῦ
877 2397 1107 2491 ἀνδράποδον·
1135 2397 1216 2469 οὐδὲ
1242 2400 1304 2488 γάρ
1327 2401 1421 2489 παρὰ
1441 2407 1513 2482 τοῖς

335 2504 590 2598 διττβεβληκόσιν
600 2505 734 2599 Ὁμήρῳ
749 2514 883 2580 νοεῖται.
911 2513 1010 2578 λυπεῖ
1027 2509 1065 2577 δὲ
1078 2508 1136 2578 καὶ
1149 2510 1188 2581 τὸ
1204 2507 1302 2578 ἄλλοι
1315 2505 1511 2592 πλεονάζον.

334 2618 398 2684 Hic
412 2620 553 2686 concedo
568 2641 655 2686 nunc
676 2620 840 2700 excidisse,
862 2642 946 2706 quae
959 2620 1168 2687 Hustathium
1189 2619 1294 2686 adhuc
1312 2618 1430 2706 legisse
1451 2642 1511 2707 pu-

334 2731 450 2810 tamus,
468 2720 623 2816 ἠδετεῖτο
638 2724 695 2793 καὶ
709 2725 802 2812 παρὰ
818 2723 996 2815 Ζηνσδάτῳ
1017 2725 1076 2793 καὶ
1089 2720 1338 2813 Ἀριστοφάνει.
1376 2728 1423 2793 At
1435 2728 1511 2793 Ari·

335 2836 498 2902 starchum
513 2858 644 2921 quoque
658 2858 786 2903 versum
807 2836 965 2917 reiecisse,
986 2837 1049 2903 hoc
1071 2859 1110 2903 er
1130 2836 1189 2904 illo
1210 2829 1385 2901 άθετεῖται
1405 2836 1511 2902 n'esci·

334 2942 381 3008 vit
402 2944 565 3010 extricare.
600 2946 654 3010 Ad
680 2945 763 3014 044
783 2945 977 3012 Eustathius
997 2946 1056 3011 sic:
1076 2941 1115 3011 τὸ
1138 2941 1175 3010 δὲ
1195 2939 1408 3029 τειρομένους
1428 2935 1511 3007 ἰδὼν

333 3041 481 3136 ἠλέησεν,
505 3047 588 3136 ὅπερ
603 3047 623 3140 ἡ
640 3048 919 3142 Μασσαλιωτική,
942 3073 1038 3141 φασι,
1060 3049 1173 3141 γραφὴ
1187 3047 1418 3136 κτεινομένους
1434 3044 1511 3132 ἔχει.

333 3157 379 3223 At
400 3157 535 3226 scholia:
559 3154 594 3224 ἓν
614 3162 655 3249 τῇ
672 3153 933 3249 Ἀριστοφάνους
949 3158 1007 3227 καὶ
1029 3158 1298 3250 Μασσαλιωτιιιῇ
1317 3156 1375 3227 καὶ
1392 3151 1511 3246 Ἀρμο·

320 3262 412 3354 λικῇ
438 3260 541 3345 οὕτως
568 3262 705 3354 ἐφέρετο
733 3265 966 3352 κτεινομένους
985 3307 1036 3336 -.
1059 3272 1089 3334 Β
1111 3273 1172 3337 532
1197 3270 1241 3354 (p.
1263 3275 1336 3349 277,
1359 3269 1411 3352 31)
1433 3268 1512 3333 dicit

335 3375 454 3458 Βῆσσα
476 3374 517 3439 ab
531 3374 718 3443 Herodiano
739 3400 798 3463 per
813 3378 932 3465 duplex
947 3398 988 3443 σσ
1008 3378 1164 3462 scripturn
1185 3399 1268 3443 esse:
1290 3382 1324 3442 at
1345 3398 1385 3442 ex
1399 3374 1511 3461 Steph.

335 3480 410 3566 Byr.
441 3487 575 3568 apparet
603 3505 721 3552 nomen
752 3486 984 3573 appellativum
1014 3489 1143 3551 tantum
1174 3487 1216 3551 ab
1245 3484 1432 3551 Herodiano
1464 3485 1510 3549 sic

335 3589 491 3673 scripturn
513 3612 591 3671 esse,
613 3614 679 3658 non
700 3593 790 3659 urbis
811 3616 941 3662 nomen.
977 3592 1051 3662 314
1071 3594 1118 3658 ita
1137 3593 1283 3677 loquitur
1303 3593 1404 3678 (quod
1424 3592 1511 3658 idem

333 3698 412 3762 facit
437 3697 611 3765 scholiasta
636 3700 668 3765 h.
695 3700 731 3782 1.)
762 3701 854 3786 quasi
880 3701 989 3786 plures
1018 3724 1077 3787 pro
1103 3695 1299 3784 Κιμμερίων
1324 3701 1511 3787 scripserint

335 3799 534 3890 Χειμερίων.
567 3808 614 3873 At
634 3808 739 3875 solum
757 3807 910 3874 Proteam
925 3808 1160 3895 Zeugmatitem
1180 3809 1294 3875 fecisse
1316 3812 1449 3895 apparet
1470 3830 1510 3873 ex

289 3922 322 3973 at
333 3911 386 3977 Et
407 3911 451 3980 M.
466 3916 548 3997 (513,
568 3921 631 3996 49).
667 3915 812 3983 Strictim
833 3916 935 3983 oeulis
957 3917 1152 4002 percurrisse
1173 3917 1283 4003 copias
1303 3938 1377 3981 suas
1390 3900 1510 3982 Eusta-

333 4110 543 4120 ——.

333 4253 445 4309 homine
467 4273 609 4326 quoquam
631 4256 753 4326 intelligi
773 4258 880 4327 potest,
903 4256 1069 4313 Valentinus
1094 4259 1165 4313 Rose
1191 4257 1307 4314 Aristot
1330 4254 1507 4329 pseudepigr.

333 4358 360 4410 p.
381 4345 429 4396 150
446 4358 507 4409 sqq.
531 4332 604 4396 Οάαλ
620 4345 663 4414 τῷ
680 4343 782 4416 κδσμφ
801 4334 861 4398 eiad
880 4347 943 4398 τῶν
959 4343 1139 4401 σκανδάλων.
