3425 4934
370 306 431 369 202
552 297 600 354 ΠΙ.
625 299 668 355 De
682 300 835 358 Aristarchi
852 300 971 359 scientia
986 299 1166 370 antiquitatis
1183 298 1354 358 Homericae.

370 466 429 544 λος
450 458 468 531 ὃ
490 458 598 556 ῥήτωρ
625 463 661 534 δν
681 471 729 555 τῷ
753 462 916 535 Τενεδίων
936 463 1090 557 ἐγκωμίῳ
1112 463 1212 559 φησίν
1233 463 1269 532 ἐκ
1296 463 1437 534 Τενέδου
1457 470 1537 549 ῥεῖν,

371 566 389 639 ὃ
412 571 470 640 τὸν
482 571 631 662 Ὅμηρον
652 572 765 664 ψέγων
786 570 833 654 ὡς
851 569 1103 666 μυθογράφον“
1129 578 1150 644 i.
1172 601 1198 644 e.
1220 575 1377 643 eiusmodi
1397 575 1541 641 fabulam

371 681 480 748 Zoilus
500 685 660 770 propinat,
681 685 709 751 is
731 685 787 771 qui
801 687 981 753 Homerum
1001 691 1039 753 ut
1059 686 1243 753 fabulosum
1263 687 1393 770 poetam
1413 685 1540 769 vitupe-

369 812 440 855 rare
466 811 563 856 ausus
589 797 648 860 est.
691 792 729 859 In
758 817 822 879 quo
848 795 961 875 miror,
986 793 1143 860 Wolfium
1171 793 1233 859 sibi
1260 791 1452 878 persuadere
1480 808 1540 874 po·

370 897 470 963 tuisse
498 900 540 983 (p.
563 898 687 983 cxcss)
717 900 832 966 ultima
859 902 957 968 verba
982 895 999 966 ὁ
1029 899 1087 966 τὸν
1100 897 1249 987 Ὅμηρον
1273 895 1388 987 ψέγων
1413 890 1460 973 ὡς
1478 917 1540 977 μυ·

371 998 561 1092 θογράφον,
585 1006 620 1072 in
634 1008 752 1098 quibus
766 1009 814 1073 vis
828 1010 1008 1075 sententiae
1030 1014 1087 1089 est,
1108 1009 1150 1075 ad
1170 1008 1350 1095 marginem
1370 1002 1541 1088 releganda

372 1135 451 1181 esse.
499 1113 598 1180 Recte
624 1113 794 1181 Strabonis
824 1116 934 1183 locum
962 1117 1163 1183 intellexerat
1187 1112 1309 1181 Hardjo
1341 1116 1376 1179 in
1407 1112 1541 1178 Memor.

371 1221 470 1288 Aoad.
492 1222 586 1290 inser.
609 1226 642 1287 et
662 1222 723 1287 litt
745 1221 783 1290 Τ,
803 1222 882 1288 VIII
902 1247 932 1308 p.
949 1225 1071 1293 187122.
1106 1222 1144 1289 In
1165 1227 1273 1289 mente
1294 1221 1410 1288 habuit
1423 1218 1539 1285 Strabo

371 1319 653 1416 ψόγονὋμήρου,
678 1353 760 1415 quae
779 1330 979 1398 hauddubie
997 1331 1186 1398 declamatio
1209 1334 1285 1409 crat,
1303 1326 1436 1395 aSuida
1456 1325 1540 1390 iuter

373 1434 455 1501 Zoili
479 1436 597 1521 scripta
618 1443 868 1504 commemorata
889 1442 986 1523 atque
1008 1462 1027 1503 a
1048 1460 1164 1504 novem
1184 1437 1276 1503 libris
1297 1437 1449 1502 adversus
1470 1431 1541 1497 Ho-

373 1563 497 1607 merum
512 1548 643 1612 secreta.
677 1544 729 1611 Hx
750 1546 862 1612 eadem
884 1546 1116 1613 declamatione
1136 1545 1317 1631 putaverim
1337 1543 1542 1627 desumptum

373 1670 459 1733 esse,
487 1651 575 1735 quod
596 1650 763 1738 Longinus
784 1655 935 1733 servavit,
960 1653 1005 1721 IX
1028 1662 1066 1723 14
1086 1651 1164 1731 τοὺς
1190 1649 1227 1718 ἐκ
1249 1648 1375 1738 Κίρκης
1395 1669 1542 1735 συσφθθ·

372 1752 556 1839 βοωμένοις
575 1758 612 1845 <l
631 1758 947 1849 σαομορφουμένοας
967 1783 1041 1828 cum
1062 1761 1319 1848 Valckenaerio>‚
1341 1749 1399 1836 οὓς
1419 1750 1542 1822 ὁΖωΐ·

294 1861 367 1931 (207)
377 1861 437 1942 λος
450 1859 515 1954 ἔφη
534 1859 714 1948 χοιρίδια
735 1862 942 1937 κλαίοντας
964 1870 1052 1956 quod
1068 1870 1168 1935 habet
1182 1867 1322 1934 colorem
1338 1864 1543 1933 rhetoricum.

373 1970 425 2036 En
459 1974 622 2057 specimen
654 1975 795 2056 fabulae,
831 1999 929 2062 quam
958 1977 1107 2044 fabuloso
1137 1980 1253 2062 poetae
1287 1975 1543 2060 exprobraverat.

373 2075 531 2145 Novimus
558 2087 724 2166 praeterea
752 2085 931 2152 orationem
957 2085 1026 2151 eius
1047 2085 1087 2151 ad
1107 2084 1242 2151 Homeri
1262 2080 1544 2169 reprehensionem

309 2190 358 2242 ²⁰5
375 2186 599 2270 pertinentem,
618 2190 709 2256 ouius
722 2191 940 2277 fragmentum
954 2194 1092 2260 serravit
1105 2191 1205 2258 schol.
1221 2190 1301 2257 Plat
1316 2190 1357 2257 ad
1370 2185 1545 2274 Hipparcln

374 2314 406 2377 p.
427 2293 512 2362 240b
534 2299 576 2382 (p.
598 2301 659 2366 334
678 2297 763 2381 Be.):
795 2296 928 2378 Ζωίλος
954 2296 989 2365 ἐν
1017 2303 1065 2386 τῷ
1091 2292 1139 2377 είς
1163 2290 1370 2386 Πολύφημον
1391 2287 1545 2380 ἐγκωμίῳ

375 2396 487 2478 ,οὕτω
512 2401 575 2486 γὰρ
597 2398 885 2492 ὦμσγνωμόνησαν
906 2401 939 2473 οἱ
960 2404 1041 2473 θεοὶ
1060 2404 1138 2493 περί
1158 2409 1218 2492 τῆς
1234 2402 1396 2496 τιμωρίας
1414 2392 1543 2486 ταύτης,

375 2502 459 2574 ὥστε
484 2505 656 2577 πάντοθεν
674 2505 852 2591 Ὀδυσσεὺς
878 2510 962 2593 τέως
988 2507 1176 2597 σωζόμενος
1200 2509 1342 2590 καὶτὰς
1367 2513 1447 2588 ναῦς
1465 2500 1547 2573 dxe-

375 2609 491 2699 ραίους
503 2613 783 2702 περιποιούμενος
796 2615 981 2711 περιαίφθη
995 2620 1078 2696 μετὰ
1091 2619 1153 2708 τὴν
1175 2613 1260 2702 άρὰν
1278 2613 1349 2685 tao*
1368 2622 1428 2705 τῆς
1438 2611 1547 2702 Ἀθη-

378 2725 471 2800 νᾶςίί.
506 2724 578 2792 Ηοο
593 2728 755 2812 quantivis
775 2730 872 2813 pretii
892 2730 1068 2796 frustulum
1089 2729 1264 2796 clarissime
1284 2726 1447 2814 patefacit,
1468 2724 1547 2811 quid

377 2830 410 2895 iu
425 2830 479 2896 illa
493 2831 723 2901 declamatione
745 2835 898 2903 effecerit:
920 2836 1068 2922 Cyclopis
1088 2837 1237 2924 precibus
1259 2836 1286 2918 (c
1303 2839 1376 2919 528)
1397 2835 1444 2900 ita
1456 2832 1546 2898 Deos

377 2937 575 3006 immortales
592 2948 771 3008 commotos
786 2965 866 3023 esse,
885 2947 924 3010 ut
937 2966 1010 3010 oum
1025 2949 1120 3011 antea
1134 2967 1173 3010 ex
1187 2944 1283 3010 sociis
1305 2941 1435 3027 quidem
1457 2961 1547 3006 com·

376 3045 486 3130 plures
499 3047 609 3114 Ulixes
624 3049 791 3132 amisisset,
811 3051 868 3116 sed
882 3073 997 3116 navem
1012 3051 1116 3117 adhuc
1133 3052 1263 3129 nullam,
1285 3050 1403 3116 abhoc
1418 3048 1546 3114 demum

377 3157 521 3238 tempore
544 3154 695 3222 omnibus
722 3160 755 3223 et
776 3157 887 3224 amicis
910 3162 944 3224 et
962 3158 1099 3224 navibus
1120 3160 1302 3225 orbaretur:
1330 3156 1418 3241 quod
1439 3156 1545 3241 ipsum

376 3259 604 3345 Polyphemus,
625 3262 684 3328 Dis
707 3263 829 3332 sufficet
850 3266 1020 3353 gratiosus,
1041 3266 1235 3351 imprecatus
1256 3268 1338 3331 erat:

502 3365 562 3446 δὸς
580 3366 626 3456 μὴ
647 3362 816 3459 Ὀδυσσῆα
837 3365 1091 3455 πτολιπόρθιον
1111 3365 1223 3437 οἴκαδ’
1245 3365 1396 3436 ἱκέσθαι·

502 3467 576 3541 ἀλλ’
600 3469 635 3542 εί
653 3471 685 3543 σί
705 3472 794 3567 μοῖρ’
817 3474 887 3545 ἐστί
909 3475 1030 3569 φίλους
1049 3472 1076 3544 τ’
1100 3471 1204 3545 ἰδέειν
1225 3475 1282 3544 καὶ
1303 3471 1439 3543 ἱκέσθαι

502 3573 595 3649 οἷκον
616 3580 805 3670 ἔλατίμενον
826 3584 883 3653 καί
904 3582 962 3675 ἑὴν
983 3584 1019 3666 ἐς
1038 3582 1186 3673 πατρίδα
1208 3591 1316 3674 γαῖαν,

502 3682 570 3779 ὀψὲ
590 3697 701 3771 κακῶς
721 3687 833 3774 ἔλθοι,
856 3689 978 3774 ὀλέσας
999 3688 1069 3762 άπα
1091 3688 1220 3774 πάντας
1239 3689 1398 3779 ἑταίρους,

501 3798 580 3887 νηὸς
600 3792 652 3865 ἐπ’
675 3793 861 3891 ἀλλοτρίης,
885 3800 977 3890 εὕροι
999 3795 1031 3868 δ’
1056 3799 1091 3868 ἐν
1110 3796 1249 3891 πήματα
1272 3795 1355 3889 οἴκῳ
1366 3801 1419 3867 ¹²⁴.

448 4016 641 4082 12³„srrab0n
659 4036 677 4074 a
695 4022 841 4090 remarque
859 4024 933 4077 cette
950 4021 1039 4076 bdvue
1062 4036 1170 4076 comme
1192 4018 1314 4090 quelque
1331 4016 1413 4073 chose
1431 4017 1465 4071 de
1479 4013 1550 4086 plai-

380 4104 444 4158 sant
460 4101 530 4157 dans
547 4120 586 4158 un
603 4102 736 4167 όοτίττὶττ,
759 4104 808 4174 qni
825 4105 919 4162 s'dtoit
936 4106 1037 4175 meque
1055 4105 1202 4160 d’Hcmere
1225 4119 1331 4159 comme
1349 4103 1416 4158 d'un
1432 4103 1552 4156 conteur

381 4186 415 4241 de
432 4185 567 4327 flllleldoe
588 4275 683 4328 tamen
710 4272 853 4329 rhetorum
879 4290 971 4345 nugae
992 4273 1124 4328 videntur
1144 4272 1285 4327 adducere
1310 4269 1433 4341 potuisse
1453 4268 1552 4339 lepida

381 4354 606 4425 mytholcgorum
628 4355 736 4427 capita,
757 4359 791 4411 ut
811 4356 856 4413 vel
872 4357 944 4414 serio
962 4356 1111 4428 Cyclopem
1128 4373 1180 4427 pro
1202 4354 1340 4426 prudente
1356 4354 1469 4411 homine
1485 4371 1552 4410 ven·
