3425 4934
345 309 406 373 270
799 301 847 357 IV.
870 301 912 357 Dc
929 303 1066 373 prosodia

344 470 379 535 in
402 491 484 553 quos
498 468 642 555 Philippi
663 470 749 553 regis
770 470 884 534 festive
906 471 1035 549 dictum,
1054 462 1261 556 Ἀμφότερός
1282 475 1316 537 et
1332 465 1517 557 Ἕκατιρός,

345 575 574 662 apophthegm.
603 597 669 663 reg.
695 576 781 642 Plut.
802 575 818 643 1
838 600 869 663 p.
892 584 951 645 705
974 575 1075 662 Wytt.
1102 579 1143 659 (v.
1165 576 1268 643 scurz.
1295 578 1334 644 de
1359 601 1444 645 nom.
1465 579 1518 646 Gr.

344 706 375 768 p.
397 687 437 749 32
461 683 540 768 Op).
581 682 687 762 Quare
709 685 917 751 statuendum
944 685 978 749 in
1005 684 1058 749 his
1084 685 1270 751 nominibus
1290 684 1429 752 Graecos
1453 689 1518 752 mi-

342 812 451 877 grasse
482 795 650 857 accentum
681 791 777 857 simili
809 814 906 857 sensu
937 813 1002 876 quo
1029 792 1063 856 in
1089 790 1293 878 longioribus
1324 794 1517 878 quibusdam

341 899 532 984 participiis,
560 893 755 980 Τισαμενός,
774 893 988 983 Ἀκουμενός,
1010 899 1079 967 sim.
1103 899 1190 965 ducti
1212 903 1303 979 sunt,
1329 902 1417 966 etin
1438 903 1518 987 ipsis

341 1006 508 1071 miectivis
529 1000 695 1088 όεξιτιρός
717 1007 757 1072 de
778 1007 893 1092 regula
912 1009 1102 1074 exemerunt
1113 1006 1163 1072 ¹⁸².

423 1198 443 1282 ἕ
465 1204 493 1265 9.
537 1196 633 1264 Hunc
663 1220 728 1283 quo
756 1198 886 1264 deducti
915 1219 1026 1263 sumus
1047 1198 1167 1279 locum,
1199 1196 1255 1282 qui
1278 1201 1328 1263 est
1350 1198 1389 1264 de
1411 1203 1517 1264 trans·

274 1312 275 1315 ’
341 1306 503 1389 positione
524 1308 674 1372 accentus
689 1304 857 1371 nominum
871 1304 906 1370 in
920 1305 1051 1389 propria
1072 1304 1270 1385 abeuntium,
1291 1304 1390 1390 paulo
1413 1305 1517 1371 fusius

260 1416 527 1498 (28³)psrsequar‚
569 1413 657 1498 quod
696 1412 790 1498 plura
825 1434 864 1478 eo
899 1412 1095 1497 pertinentia
1130 1416 1304 1497 supersunt
1337 1413 1516 1479 Aristarchi

341 1521 533 1608 frsgmentu,
555 1544 638 1607 quae
660 1521 726 1586 suis
747 1520 828 1586 locis
856 1520 1043 1587 inseremus.
1083 1519 1196 1585 Dicam
1222 1520 1367 1605 primum·
1393 1520 1433 1585 ds
1454 1520 1516 1586 ho·

341 1630 465 1695 minum
484 1629 676 1709 nominibus,
697 1632 735 1693 ut
748 1628 854 1694 adhuc
874 1628 949 1708 feci,
967 1627 1193 1715 geographica,
1216 1626 1345 1693 urbium
1365 1629 1515 1709 maxime,

342 1737 500 1804 differens.
1344 1730 1346 1733 ⁵

423 1844 603 1931 Postquam
643 1866 741 1910 uuam
774 1842 840 1910 late
875 1847 1041 1930 patentem
1077 1842 1301 1927 exceptionem
1335 1842 1513 1929 posuimus,

342 1953 471 2037 quando
498 1952 630 2019 nomino
655 1952 690 2016 iu
714 1952 846 2037 propria
871 1951 1073 2017 transeuntia
1100 1954 1268 2015 accentum
1289 1971 1356 2015 non
1377 1955 1513 2030 mutent,

341 2059 615 2145 transgrediamur
636 2059 677 2124 ed
698 2058 809 2139 uliam,
830 2081 914 2144 quae
935 2058 1120 2125 continetur
1139 2058 1203 2124 hoe
1224 2056 1400 2124 Herodiaui
1421 2081 1515 2145 prae·

342 2171 435 2251 cepto
457 2166 581 2251 (Staph.
603 2166 677 2251 Byz.
698 2189 723 2233 s.
742 2160 908 2252 Αλμονία)
926 2159 1132 2249 Ἡρωδιανός
1153 2186 1256 2254 φησιν
1277 2161 1329 2230 ότι
1350 2168 1421 2244 τοῖς
1438 2188 1515 2232 ουν·

342 2277 504 2352 οικισιαῖς
528 2277 668 2355 συνεχῶς
699 2267 873 2361 όμοφιονοῖ
899 2269 941 2338 τὰ
968 2265 1106 2359 sderad,
1137 2269 1291 2359 δηλονότι
1320 2271 1378 2339 καὶ
1403 2277 1516 2365 γραφῇ

340 2379 399 2448 καὶ
411 2378 506 2468 τόνῳ.
533 2380 564 2450 S.
575 2373 743 2466 Ἀβαντίςε
767 2376 897 2469 ἐκλήθη
912 2378 950 2448 δὲ
964 2373 1034 2447 ἀπὸ
1046 2373 1213 2464 ’Ἀβαντος
1226 2382 1286 2445 τοῦ
1297 2372 1448 2467 Ἀργείου
1463 2420 1514 2450 -.

340 2487 379 2557 sd
392 2485 533 2556 όθνικόν
547 2483 715 2572 ὁμωνυμιῖ
726 2493 775 2576 τῷ
788 2486 875 2578 ἥρωι
890 2480 936 2567 ὦς
947 2482 1035 2572 Ἴων,
1054 2481 1233 2571 Θεσσαλός,
1245 2479 1389 2569 Ἀχαιός,
1409 2485 1513 2574 Τριός,

341 2590 484 2677 Δαναός,
506 2590 654 2682 Λοκρός.
683 2597 714 2665 S.
728 2591 853 2662 Ainis:
872 2594 928 2662 xci
943 2589 1046 2680 εἰμὲν
1060 2587 1205 2662 ἀπὸτοῦ
1220 2591 1334 2681 κυρίου
1348 2591 1516 2677 Αἰνιᾶνος

341 2704 487 2791 γέγονεν,
517 2698 655 2788 εόλογος
677 2699 698 2791 ἡ
723 2699 900 2793 ὁμοφωνία
923 2698 1025 2770 αὐτοῦ
1047 2697 1094 2782 ὡς
1114 2701 1152 2769 τὸ
1178 2696 1273 2787 Τριός
1293 2701 1351 2769 καὶ
1367 2697 1513 2786 Ἀχαιός.

341 2813 434 2880 Talia
460 2812 663 2880 conditorum
690 2814 823 2878 nomina
847 2813 900 2896 (de
922 2812 1040 2898 quibus
1061 2833 1122 2879 nos
1143 2812 1238 2878 aliter
1258 2812 1451 2893 iudicamus,
1471 2835 1514 2879 sc.

342 2922 525 2987 conditores
554 2943 593 2985 ex
620 2922 748 2987 urbium
770 2922 956 2988 nominibus
973 2919 1076 2985 factos
1099 2941 1168 2984 esse
1190 2941 1256 2987 uon
1278 2926 1403 3001 contro)
1424 2927 1514 2988 sunt:

340 3023 535 3109 Μολοιιός,
574 3021 739 3106 Βοιωτός,
767 3022 940 3105 Αἰτωλός,
975 3020 1131 3105 Σικελός,
1161 3021 1305 3104 Σικανός
1331 3027 1457 3114 (Steph.
1486 3053 1512 3095 s.

336 3129 498 3223 'AydopJ
528 3129 665 3237 Κελτός,
687 3128 861 3221 Ἰλλυριός,
885 3127 1072 3218 Τριβαλλός
1092 3136 1188 3221 (App.
1208 3133 1292 3220 illyr.
1313 3138 1360 3220 2),
1378 3128 1511 3221 Ἀρκάς,

275 3257 323 3308 ιιι
338 3237 451 3309 ‘ustos
469 3242 508 3309 τὸ
530 3238 632 3321 ἔθνος
649 3237 718 3308 ἀπὸ
739 3237 855 3308 ‘ustos
876 3249 934 3309 τοῦ
950 3240 1126 3309 Θεσσαλοῦ
1146 3242 1238 3309 Eust.
1257 3250 1344 3323 1057,
1364 3236 1511 3321 Δαναός,

341 3352 464 3420 cet133.
500 3351 714 3438 Excipiuntur
731 3354 877 3436 Τεῦκρος
898 3355 931 3417 et
945 3354 1099 3434 Γραῖκος,
1123 3373 1196 3416 cum
1217 3350 1330 3437 populi
1351 3351 1417 3416 sint
1435 3355 1513 3415 Tec-

340 3455 417 3543 κροί
437 3463 471 3525 et
491 3456 642 3545 Γραικοί.
677 3459 789 3545 Steph.
804 3482 829 3524 s.
845 3451 954 3525 Αἶνία
968 3458 1059 3525 addit
1071 3458 1112 3523 iis
1125 3481 1208 3543 quae
1222 3480 1319 3545 supra
1332 3459 1513 3544 posuimus:

338 3565 386 3653 μὴ
410 3562 669 3656 ὁμοφωνοῦνιος
688 3571 748 3633 τοῦ
766 3559 912 3649 Τευκρός
932 3565 989 3631 καὶ
1003 3559 1159 3651 γυναικός
1172 3565 1206 3649 (l.
1223 3569 1254 3629 Γ
1251 3563 1389 3649 ραικός).
1423 3563 1515 3632 Idem

340 3699 364 3745 s.
386 3700 414 3744 v.
436 3669 583 3762 Γραικός
609 3669 763 3762 όἝλληυ
789 3665 967 3759 ὀξυτόνως,
1000 3676 1181 3760 sequuntur
1207 3673 1364 3759 quaedam
1391 3674 1515 3753 mutila,

341 3786 415 3851 dein
434 3781 473 3851 τὸ
493 3781 531 3850 δὲ
552 3785 695 3870 Γραῖκος
719 3780 758 3849 τὸ
782 3778 897 3867 κόριον
917 3776 1109 3867 βαρύνεται·
1140 3780 1178 3850 τὸ
1200 3772 1259 3846 σόν
1280 3777 1419 3849 ἐθνικὸν
1439 3774 1514 3862 όξό-

340 3916 441 3958 νειαι.
478 3891 568 3960 Idem
596 3915 622 3960 s.
645 3884 799 3975 Ἄβαντός
824 3892 866 3975 (r.
888 3893 997 3976 supra)
1028 3894 1103 3975 post
1123 3882 1262 3976 Λοκρός
1282 3888 1385 3955 addit:
1415 3888 1454 3956 τὸ
1476 3885 1516 3956 ds'

343 3994 489 4084 Τευκρός
509 3993 698 4087 διήλλαξεν·
721 3990 874 4079 σ’ξόνιται
895 3994 968 4083 γάρ.
1004 3997 1035 4066 S.
1049 3992 1223 4082 Αἱμονίας
1242 3994 1280 4065 τὸ
1306 3989 1451 4080 Τευκρός
1470 3990 1517 4076 ὡς

407 4204 445 4245 ¹⁸²
461 4201 541 4256 Falso
559 4200 695 4272 scriptum
710 4192 889 4270 Ἀμφότερος
905 4200 1022 4255 Pausan.
1041 4198 1109 4254 VIII
1128 4204 1168 4263 24,
1186 4203 1210 4254 9.
1239 4197 1368 4269 Apollod
1389 4196 1432 4252 111
1447 4202 1472 4263 7,
1489 4202 1515 4255 6.

408 4290 445 4331 1⁸⁸
462 4286 546 4357 Apud
563 4285 658 4356 Steph.
681 4303 701 4339 s.
719 4276 836 4356 Ἀρταϊα
859 4301 909 4354 pro
929 4284 1060 4356 Περσεύς
1080 4284 1135 4354 leg.
1154 4282 1281 4354 Πέρσης,
1302 4283 1377 4352 quod
1399 4284 1441 4338 est
1462 4282 1515 4338 sub

339 4372 460 4446 Πλρσαι.
490 4372 591 4426 Moneo
608 4373 724 4442 propter
740 4367 942 4424 Schneiderum
958 4384 1076 4438 gramm.
1095 4367 1155 4423 Lat.
1174 4366 1215 4422 111
1231 4386 1259 4438 p.
1279 4373 1338 4424 ³1⁷.
