3425 4934
550 352 573 403 2.
596 346 638 402 Dc
656 346 852 403 constituenda
869 346 998 403 lectione.
1299 351 1359 414 347

187 517 266 603 peri.
304 514 341 582 In
363 536 440 582 casu
460 519 569 582 autem
592 515 689 582 dandi
710 515 766 600 qui
785 516 955 601 purissimo
969 515 1070 582 locuti
1084 518 1162 580 sunt
1176 536 1242 580 non
1256 512 1359 591 faciei,

188 629 226 691 ut
246 646 332 690 nunc
354 623 479 703 dicitur,
502 625 558 689 aed
579 624 660 689 facie
682 623 840 691 dixerunt.
874 623 1017 690 Lucilius
1038 623 1073 687 in
1095 620 1201 687 satiris

312 729 466 812 Primum,
487 732 603 818 inquit,
624 731 706 798 facie
728 732 816 816 quod
836 731 1019 798 honestatis
1041 730 1172 796 accedit.

188 839 279 907 Idem
300 838 441 905 Lucilius
461 839 497 904 in
516 840 670 926 septimo:

313 945 375 1025 Qui
396 950 430 1012 te
451 946 567 1035 diligat
588 948 703 1014 aetatis
726 948 846 1035 (potins
868 948 919 1033 ti)
941 947 1086 1033 facieque
1108 950 1182 1012 tuae
1202 968 1237 1012 se

312 1054 487 1121 Fautorem
509 1056 661 1123 ostendet
681 1093 731 1119 -.

189 1163 273 1231 Sunt
285 1167 394 1230 tarroeu
410 1186 480 1231 non
492 1165 587 1250 pauci
602 1165 658 1251 qui
676 1165 849 1250 utrobique
872 1165 955 1231 facie
974 1163 1087 1251 legant
1108 1212 1162 1228 ...
1182 1154 1256 1250 Ego
1278 1185 1360 1248 quo·

190 1294 253 1357 que
274 1271 308 1335 in
321 1269 481 1358 Iugurtha
495 1271 640 1339 Sallustii
662 1294 805 1338 summae
826 1272 902 1338 fidei
924 1277 957 1339 et
977 1273 1169 1339 reverendae
1190 1271 1360 1337 vetustatis

189 1379 273 1445 libro
299 1378 350 1444 dia
381 1401 455 1445 casu
481 1380 587 1465 patrio
617 1380 773 1465 scriptum
805 1380 940 1445 invenit
987 1377 1048 1444 XII
1077 1387 1115 1447 10
1143 1378 1199 1459 „In
1225 1377 1360 1444 Verrem

189 1486 233 1552 Μ.
256 1484 356 1553 'I'ullii
378 1485 481 1569 (locus
503 1492 553 1553 est
572 1486 620 1553 IV
641 1491 694 1572 44)
715 1488 750 1552 in
772 1487 1008 1573 exemplaribus
1028 1485 1222 1553 fidelissimis
1242 1487 1287 1552 ita
1308 1487 1359 1551 in·

188 1594 263 1659 veni
284 1594 451 1679 scriptum:
476 1595 631 1661 aeditumi
652 1596 881 1680 custodesque,
909 1595 944 1659 in
964 1593 1057 1660 libris
1078 1598 1187 1661 autem
1205 1594 1267 1660 hoc
1287 1592 1359 1657 vul·

188 1700 286 1786 gariis
307 1701 427 1767 aeditui
446 1703 600 1787 scriptum
622 1706 695 1771 est‘.
718 1740 756 1751 -
778 1702 905 1769 Horum
925 1701 1071 1769 locorum
1091 1701 1359 1769 recensendomm

188 1830 295 1892 neque
307 1807 469 1896 Bergerus
483 1810 578 1876 nobis
593 1810 695 1877 otium
708 1809 786 1876 fecit
798 1810 833 1876 in
848 1810 1073 1877 dissertatione
1089 1811 1128 1876 de
1149 1808 1359 1895 autographis

187 1919 332 1982 veterum
356 1916 391 1980 in
417 1916 550 1983 Martini
570 1917 737 1984 Thesauro
758 1939 790 2003 p.
813 1922 852 1986 83
874 1939 944 2003 sqq.
972 1939 1079 2003 neque
1100 1916 1296 2003 Guhlingius
1322 1917 1356 1981 in
1374 1922 1423 1974 ⁸5³

188 2023 262 2091 diss.
285 2023 324 2090 da
345 2024 539 2111 apographis
560 2029 706 2092 veterum
726 2026 770 2094 ih.
790 2050 821 2112 p.
840 2031 899 2095 187
917 2048 988 2111 sqq.
1011 2028 1220 2110 (quamquam
1240 2025 1268 2090 is
1289 2046 1358 2109 cap.

188 2132 303 2218 quinto
317 2132 352 2197 in
366 2132 550 2199 universum
564 2134 643 2199 satis
656 2138 744 2201 recte
766 2134 911 2220 disputet
931 2134 971 2199 de
986 2133 1189 2199 observantia
1203 2132 1359 2213 codicum,

188 2262 253 2327 quc
273 2238 477 2326 singulorum
496 2241 665 2307 hominum
687 2240 838 2308 audaciae
860 2242 1109 2327 omnitempore
1125 2240 1280 2307 obstitum
1295 2242 1357 2323 est)

187 2371 294 2435 neque
315 2346 441 2415 Walch.
463 2352 523 2416 art.
545 2350 612 2416 crit.
634 2349 728 2416 Rom.
750 2349 789 2416 V.

270 2456 323 2522 Ad
336 2454 474 2522 Graecos
488 2457 681 2524 transiturus
695 2458 835 2544 primum
855 2459 1055 2524 mentionem
1075 2457 1218 2523 iniieiam
1232 2457 1359 2525 Galeri:

189 2564 246 2649 qui
259 2563 390 2648 spinosa
402 2564 547 2649 proiecto
563 2570 596 2632 et
611 2565 737 2631 minuta
751 2565 921 2654 diligentia
934 2565 1237 2651 Hippocratioonum
1257 2564 1358 2631 libro-

186 2693 259 2737 rum
282 2672 503 2757 corruptiones
523 2672 671 2760 indagat,
696 2674 801 2739 vanas
828 2673 985 2740 lectiones
1012 2694 1185 2759 earumque
1213 2673 1357 2759 origines

186 2779 331 2865 inquirit,
351 2800 426 2845 vera
440 2783 473 2846 et
487 2781 654 2866 supposita
671 2781 878 2847 discriminat.
914 2781 987 2848 Hoc
1008 2780 1115 2848 colore
1136 2781 1198 2847 iste
1219 2782 1357 2866 scriptor
1368 2787 1439 2856 (sco)

186 2888 233 2953 ita
257 2887 401 2953 imbutus
427 2890 477 2953 est
503 2891 541 2954 ut
566 2910 668 2955 unum
693 2888 870 2955 alterumve
898 2889 1080 2975 exemplum
1106 2889 1249 2975 proferre
1274 2888 1357 2954 nihil

187 2995 332 3061 attineat.
374 2993 530 3062 Similiter
551 2996 615 3063 dici
634 3001 745 3082 potest
766 2994 805 3064 de
827 2995 1002 3064 Strabone:
1029 2997 1085 3083 qul
1106 2998 1133 3061 si
1156 2998 1284 3082 quando
1305 2996 1357 3061 iu·

187 3101 287 3169 elinat
312 3104 353 3169 ad
377 3102 542 3188 scriptoris
568 3104 676 3170 locum
700 3105 892 3171 mutandum
917 3127 959 3171 ne
984 3108 1054 3171 tum
1081 3105 1211 3190 quidem
1236 3108 1356 3170 temere

186 3210 312 3276 codices
329 3210 460 3297 ignorat
480 3211 533 3278 vel
552 3212 729 3297 vilipendit,
749 3216 787 3278 ut
803 3210 818 3278 I
836 3235 866 3298 p.
882 3220 902 3280 4
922 3208 992 3297 τρὶς
1010 3208 1071 3295 μὲν
1093 3206 1155 3297 γάρ
1175 3204 1202 3274 τ’
1227 3204 1358 3297 ἀνίησιν

187 3310 239 3382 ἐπ’
258 3308 379 3404 ἤματι,
401 3313 472 3401 τρὶς
493 3311 525 3383 d'
550 3311 764 3403 ἀναροιβδεῖτ
791 3316 849 3385 καὶ
869 3317 932 3404 γὰρ
953 3313 984 3384 εἰ
1004 3317 1050 3408 μὴ
1072 3314 1158 3402 τρίς,
1184 3312 1272 3384 ἀλλὰ
1294 3313 1356 3397 δίς,

184 3418 269 3504 τάχα
289 3427 350 3512 τῆς
371 3418 519 3511 ἱστορίας
539 3421 798 3515 παραπεσούσης
818 3420 842 3513 ἢ
860 3429 921 3514 τῆς
939 3430 1071 3515 γραφῆς
1085 3421 1357 3514 διημαρτημένης.

186 3532 234 3599 cf.
256 3555 285 3618 p.
307 3539 347 3601 25
369 3531 547 3622 (γραφικὸν
574 3527 753 3622 ἁμάρτημα
779 3528 804 3622 ἢ
829 3529 1017 3620 ἱστορικόν).
1057 3535 1117 3603 XII
1143 3559 1172 3622 p.
1195 3542 1255 3604 549
1280 3527 1359 3621 η’τοι

184 3641 246 3725 τῆς
263 3642 396 3728 γραφῆς
413 3636 654 3729 μετατεθείσης
674 3635 744 3708 ἀπὸ
764 3643 824 3709 τοῦ
850 3635 1021 3730 ,μηλόθεν
1046 3642 1083 3708 ἐκ
1105 3639 1290 3729 Καλύβης(ί
1311 3642 1356 3726 (in

187 3742 224 3826 ἐξ
248 3739 401 3835 Ἀλύβης)
427 3740 452 3836 ἢ
480 3752 546 3815 τῶν
580 3742 774 3834 ἀνθρώπων
804 3745 968 3837 πρότερον
990 3744 1141 3835 Ἀλύβων
1172 3744 1357 3834 λεγομένων

185 3847 259 3919 ἀντὶ
284 3849 461 3939 Χαλύβων.
506 3857 552 3926 Et
583 3860 661 3946 qnid
693 3860 732 3925 de
763 3859 988 3925 audacioribus
1018 3860 1210 3927 coniecturis
1237 3859 1359 3925 iudicet

185 3963 313 4048 saepius
340 3964 469 4031 indicet.
509 3966 564 4034 Sic
587 3965 648 4032 XII
668 3989 698 4052 p.
721 3973 782 4035 550
808 3966 848 4032 de
876 3967 989 4033 audaci
1009 3967 1133 4054 Ephori
1161 3968 1358 4034 coniectura:

183 4065 205 4157 ἡ
228 4070 424 4161 μεταγραφη
450 4066 488 4139 δὲ
507 4072 601 4158 παρὰ
622 4071 762 4161 τὴντῶν
777 4066 991 4161 ἀντιγράφων
1003 4078 1069 4140 τῶν
1084 4068 1231 4158 ἀρχαίων
1243 4070 1358 4139 πίστιν

184 4176 468 4269 καινατομαυμένη
490 4177 560 4248 ἐπὶ
580 4184 772 4250 τοσοῦτον
794 4181 984 4270 σχεδιασμῷ
1005 4176 1122 4249 ἔοικεν.
1157 4182 1221 4269 lp.
1237 4192 1275 4252 41
1297 4179 1357 4270 τὴν

182 4283 244 4371 μὲν
265 4278 325 4355 οὖν
345 4285 477 4377 γραφὴν
503 4282 563 4356 οὐκ
589 4283 716 4376 ἀνάγκη
744 4290 845 4355 κινεῖν
871 4289 1024 4356 παλαιὰν
1049 4281 1160 4360 οὖσαν.
1202 4291 1247 4357 Et
1267 4292 1356 4377 ipsos

183 4395 380 4483 Byzantinos
400 4396 461 4463 hac
482 4398 535 4464 ria
553 4399 763 4483 persistentes
783 4399 973 4469 invenimus.
1010 4399 1116 4467 Schol.
1138 4396 1234 4464 Dion.
1248 4420 1279 4483 p.
1294 4404 1355 4467 677
