3425 4934
420 338 444 388 3.
475 335 610 405 Reliquae
625 335 775 390 verborum
791 334 1037 408 interpretationes
1053 336 1254 393 Aristarcheee.
1360 347 1417 407 147

251 501 471 587 obtemperare
492 504 659 570 hortanti?
684 504 757 571 Hoc
777 505 893 572 maluit
911 506 1130 586 Aristarchum
1154 529 1229 572 nam
1249 527 1325 573 mox
1345 527 1419 571 cnm

250 630 395 675 omnesa
415 611 551 678 navibus
570 613 708 678 redeunt
721 612 808 696 (266)
822 611 933 681 Ulixes
955 638 1021 681 non
1042 616 1134 695 redit,
1157 620 1193 680 ut
1213 613 1418 680 iudicandum

249 718 292 783 ait
313 716 421 787 dedita
442 740 596 804 operase
618 721 657 785 de
684 741 794 807 pugna
814 722 1020 790 subtraxisse.
1062 724 1116 789 Ad
1140 723 1170 788 Θ
1190 728 1239 790 97.
1260 726 1331 789 266.
1369 717 1416 785 cf.

248 825 397 909 Apellen.
423 831 506 912 synt.
534 850 564 913 p.
586 834 657 896 296.
682 862 722 873 -
746 822 920 894 Διάκειν
954 834 988 897 et
1015 830 1167 916 persequi
1198 833 1231 895 et
1258 822 1419 903 συντόνως

248 925 408 1011 ἐλαύνειν,
435 935 465 998 Θ
485 940 556 1003 439.
579 936 617 1000 cf.
643 938 680 999 X
701 940 769 1004 158.
789 970 829 982 -
850 938 1012 1021 Στυγεῖν
1036 938 1149 1004 timere
1177 940 1211 1002 et
1238 935 1418 1014 abhorrere,

245 1038 354 1108 0183
381 1035 448 1123 (ὅτι
472 1039 512 1108 τὸ
533 1038 724 1126 στωγὲουσιν
751 1036 824 1108 άπδ
851 1047 933 1128 μιᾶς
957 1036 1061 1130 ἀρχῆς
1083 1040 1119 1110 ἐν
1141 1044 1291 1131 διαφορᾷ
1316 1037 1418 1126 μετά·

247 1148 396 1231 peccem,
418 1152 475 1214 νῦν
494 1145 556 1232 μέν
577 1144 736 1230 δεδίασιν,
761 1146 841 1216 ὅταν
864 1150 900 1217 δὲ
922 1145 1001 1239 εἴπῃ
1023 1144 1226 1236 ,σμερδαλέ’
1243 1144 1416 1237 εέράεντα,

245 1249 287 1321 τά
307 1279 343 1323 τε
363 1252 536 1343 στυγέουσι
555 1252 638 1324 θεοί
649 1267 738 1342 περ“
761 1260 809 1345 <Y
821 1259 879 1346 65>
901 1252 975 1325 ἀντὶ
987 1263 1047 1325 τοῦ
1066 1262 1246 1345 μισοῦσιν).
1261 1298 1302 1309 -
1315 1261 1418 1327 Ρ272

246 1365 400 1432 notabilis
420 1389 498 1433 usus
519 1388 587 1435 voc.
609 1370 754 1450 μισεῖν,
785 1369 841 1453 qui
868 1367 931 1433 hoc
951 1390 1018 1434 uno
1038 1369 1112 1436 loco
1133 1368 1310 1447 invenitur,
1336 1361 1416 1450 ,,μι’-

246 1493 342 1560 σησεν
368 1467 400 1539 δ’
428 1467 494 1560 άρα
514 1499 573 1558 μιν
591 1471 702 1562 δηΐων
727 1472 802 1541 κυσὶ
822 1469 930 1561 κύρμα
956 1472 1150 1560 γενέσθαιίί,
1178 1478 1200 1545 i.
1222 1499 1253 1562 q.
1279 1471 1418 1562 μισητὸν

244 1575 402 1668 ἡγήσατο.
418 1619 458 1633 -
475 1586 515 1647 Π
526 1589 585 1652 361
608 1605 686 1650 usus
706 1583 854 1650 vocabuli
876 1578 1131 1649 σκέπτεσθαι
1147 1582 1301 1651 notabilis
1316 1577 1418 1660 ,,σκδ-

244 1680 333 1753 mer'
356 1681 477 1756 ἐϊστιδν
505 1713 541 1756 τε
572 1689 684 1777 ῥοῖζον
713 1690 771 1759 καὶ
796 1692 924 1758 δοῦπον
950 1683 1135 1772 άκδντωνῑῑ,
1164 1692 1257 1778 quasi
1281 1691 1416 1781 circum·

245 1797 410 1883 aperitet
435 1799 528 1866 cavit.
558 1832 598 1844 -—
630 1802 661 1862 Γ
667 1784 868 1884 ιμνάσκων
898 1791 1001 1889 (άμφὶ
1026 1793 1045 1865 ἐ
1067 1821 1097 1883 y.
1123 1794 1271 1886 ἑτάρους)
1302 1801 1330 1864 O
1356 1806 1414 1867 241

245 1925 434 1990 agnoscere,
463 1897 702 1991 ἀναγνωρέζων.
733 1944 775 1956 -
801 1896 918 1987 Εέξαι
943 1902 1091 1988 χαλάσαι
1120 1908 1155 1971 Ψ
1173 1912 1233 1976 337
1262 1895 1362 1990 (εέξαέ
1380 1901 1417 1970 τέ

246 2005 280 2075 οἱ
299 2006 377 2097 ἡνία
397 2006 528 2098 χερσίν).
550 2050 591 2062 -
614 2006 838 2082 Αέδέσεται
859 2017 892 2080 Ω
912 2022 974 2086 208
997 2009 1218 2098 προσδέξεται
1242 2007 1289 2091 ὡς
1308 2007 1418 2100 ἐκέτην

245 2118 336 2184 ο1.Χ
350 2126 418 2189 124.
440 2161 480 2172 -
498 2113 622 2186 Ἀΐειν
643 2115 885 2201 αἰσθάνεσθαι,
909 2127 948 2188 Λ
962 2129 1033 2192 532.
1066 2124 1180 2190 0252.
1208 2121 1255 2191 of.
1272 2119 1416 2188 Nitasch.

245 2225 282 2294 Τ.
304 2225 387 2313 Hp.
413 2237 481 2298 111.
503 2269 545 2280 -
564 2226 779 2315 Λέμεοθαι
799 2231 962 2318 significat
981 2253 1032 2316 ap.
1054 2229 1234 2297 Homerum
1257 2221 1416 2312 ἀριθμεῖ-

245 2336 347 2413 σθαι,
375 2332 611 2420 διαλέγεσθαι,
640 2334 880 2424 συλλέγεσθαι,
909 2334 1170 2425 ἐγκοιμηθῆναι,
1198 2340 1229 2402 Β
1252 2336 1416 2407 125435.

245 2445 280 2507 N
290 2449 352 2512 276
374 2444 427 2526 (ad
442 2466 540 2531 quem
559 2446 668 2514 locum
688 2447 811 2533 inspice
825 2444 1107 2513 Friedlaenclerum
1123 2446 1267 2512 Ariston.
1281 2467 1312 2531 p.
1328 2446 1412 2527 218).
1433 2449 1481 2500 148

249 2551 278 2616 Θ
299 2559 370 2621 519.
391 2587 432 2599 -
453 2547 605 2621 Εἵσατο
627 2559 678 2622 est
698 2550 840 2642 δι’ρμησε,
864 2547 982 2643 ἐφάνη,
1003 2547 1102 2639 ἔγνω,
1125 2556 1170 2618 Μ
1189 2559 1258 2623 118.
1296 2553 1327 2618 Θ
1345 2557 1415 2620 532.

244 2657 288 2724 Et
308 2661 349 2726 ad
368 2661 472 2731 0544
493 2657 690 2749 ἐεισάσθηνι
710 2657 744 2750 (ἡ
762 2661 881 2748 δινιλη)
902 2657 956 2728 δτι
977 2654 1171 2751 ἀμφίβολόν
1189 2656 1262 2727 ἐστι
1273 2654 1417 2744 πότερον

244 2760 544 2856 ἐφώρμησαν...
572 2762 598 2856 ἢ
624 2764 752 2850 ἔδοξαν.
788 2808 830 2820 -
860 2764 1129 2835 Ἔπλσταοθαι
1157 2791 1216 2857 pro
1247 2761 1416 2834 δύνασθαι

244 2876 391 2958 (dixerim
405 2879 515 2963 potins
530 2872 628 2961 eligere)
650 2881 689 2942 Π
701 2885 770 2948 142.
793 2882 829 2941 Ν
840 2883 912 2946 223.
938 2881 970 2940 Φ
991 2882 1061 2947 326.
1096 2876 1205 2961 (Quod
1218 2876 1415 2962 Porphyrius

244 2984 344 3052 habet
364 2987 405 3052 ad
429 2993 461 3051 T
479 2991 548 3066 389,
568 2985 602 3051 id
623 3008 719 3053 nemo
741 2986 959 3066 dubitatum
980 3006 1019 3050 eo
1035 3006 1088 3050 res
1109 2982 1288 3067 refellitur.)
1331 2983 1413 3050 ltem
1425 2989 1498 3059 (¹51)

246 3087 409 3157 ἐθέλειν
433 3116 493 3181 pro
515 3086 695 3172 δάνασθαι,
723 3097 755 3156 Φ
776 3099 845 3163 366.
883 3092 956 3160 Hoc
982 3092 1158 3179 pertinebit
1176 3092 1217 3158 ad
1238 3091 1416 3158 Aristarchi

242 3198 416 3268 lectionem
436 3193 511 3267 οὐδ’
535 3196 732 3279 ἐθέλεσκον,
760 3222 828 3266 non
850 3192 924 3265 οὐδ’
948 3194 1115 3276 ἐδύναντο,
1139 3202 1248 3267 1551.
1272 3235 1312 3247 -
1332 3202 1415 3264 Πο-

243 3304 406 3374 θέσθαι
426 3309 536 3377 audire
559 3312 614 3392 (sc.
631 3330 698 3375 non
713 3307 902 3393 explorare).
931 3310 962 3372 Β
978 3313 1046 3377 119.
1068 3310 1102 3372 Κ
1115 3311 1185 3374 381.
1216 3305 1312 3387 Quod
1332 3306 1415 3373 hanc

243 3415 513 3502 significationem
538 3417 624 3503 apud
651 3416 828 3483 Homerum
855 3417 934 3482 dicit
959 3436 1086 3500 semper
1111 3414 1245 3494 habere,
1274 3414 1347 3480 vide
1373 3436 1414 3479 ne

243 3523 418 3590 Aristonici
440 3546 528 3591 error
549 3525 607 3590 ait.
643 3523 844 3610 Quemquam
866 3523 952 3589 enim
965 3522 1102 3590 Vossius
1123 3523 1249 3589 videtur
1269 3523 1413 3608 probare,

243 3631 283 3696 οδ
296 3631 405 3717 hymn.
420 3632 488 3699 Cer.
505 3638 574 3713 481,
594 3636 704 3698 tamen
718 3632 875 3717 quosdam
891 3630 982 3697 locos
1002 3630 1097 3696 aliter
1110 3631 1244 3698 suadere
1265 3630 1412 3698 arbitror.

242 3736 516 3824 Frequentissima
537 3740 676 3825 squidem
708 3738 766 3805 illa
791 3738 941 3804 audiendi
971 3742 1004 3804 et
1029 3737 1206 3824 accipiendi
1232 3738 1323 3804 notio
1351 3742 1413 3804 est:

244 3850 277 3913 et
295 3847 343 3914 ite
361 3846 538 3934 praevalet,
563 3851 600 3912 ut
618 3841 779 3934 Ὁμηρικὴ
802 3847 919 3931 χρῆσις
943 3867 983 3912 ex
1010 3845 1212 3933 praevalente
1234 3846 1332 3913 etiam
1354 3868 1412 3912 usu

243 3954 283 4020 ab
302 3954 480 4041 Apollonio
502 3956 565 4023 elici
586 3955 737 4042 potuerit
769 3952 860 4040 Synt.
883 3977 914 4039 p.
937 3959 1008 4032 287.
1030 3962 1070 4023 27
1092 3950 1149 4019 καὶ
1170 3948 1235 4021 ὅσα
1255 3945 1309 4020 ἐπ’
1330 3944 1414 4019 άνα-

241 4056 381 4146 κρίσεως
393 4058 695 4148 παραλαμβάνεται
707 4055 732 4148 ἢ
744 4054 796 4128 ἐπ’
810 4057 1010 4147 ἐρωτήσεως,
1028 4055 1167 4142 ἐξετάζω
1183 4082 1229 4143 σε,
1246 4053 1412 4148 ἀνακρίνω

308 4232 354 4277 11·
370 4229 514 4300 wialan
535 4247 580 4302 ap.
597 4228 804 4286 Friedlaender.
826 4228 950 4285 Ariston.
966 4247 994 4300 p.
1012 4233 1074 4284 244:
1103 4223 1154 4294 ,ἐν
1175 4230 1306 4303 διαφορᾷ
1325 4215 1413 4297 μετά-

240 4330 324 4384 γεται
341 4315 385 4370 est
402 4314 516 4370 dirersis
533 4314 689 4372 rationibus
705 4312 829 4369 flectitur
844 4313 875 4371 in
892 4312 983 4373 retias
999 4308 1222 4382 signitiesfiones.
1251 4311 1342 4369 Erunt
1358 4313 1411 4368 for·

240 4399 313 4456 tasse
330 4399 381 4470 qui
397 4399 496 4457 malint
512 4396 544 4465 ἐς
560 4396 708 4473 διαφορὰν
724 4416 762 4456 ιο.
780 4395 966 4471 σημασέαα“>
1154 4484 1203 4538 ¹⁰.
