3425 4934
613 341 636 392 3.
661 329 770 407 κωφός.
793 328 818 392 ὦ
834 329 936 396 πόσοι.
1302 350 1359 412 119

187 501 336 568 restitues
350 524 410 587 pro
425 495 453 567 ολ
467 497 587 583 πόποι,
609 508 648 570 ut
660 504 793 590 reliquis
814 506 896 573 loeis
916 508 1109 593 comparatis
1131 507 1281 574 facillime
1303 510 1360 575 ubi

188 632 268 695 opus
290 612 341 675 est
353 611 464 677 ποποῖ
486 616 519 677 et
537 614 654 677 παπαῖ
673 617 707 678 et
728 603 755 677 oi
776 607 895 678 πόποι.
929 614 994 681 Sed
1014 615 1106 681 illum
1128 618 1236 681 tamen
1254 615 1359 683 Theo-

188 718 297 804 gnosti
310 717 428 798 locum,
449 719 504 803 qui
521 719 661 804 primum
679 720 905 805 inspicientem
926 723 977 788 vel
998 723 1056 789 tali
1077 723 1243 801 vocabulo,
1261 724 1360 808 quale

187 830 237 891 est
251 823 458 910 διττομηστο,
480 830 586 905 terret,
600 827 727 895 videtur
741 852 761 894 a
775 830 869 895 nobis
881 831 1037 914 postulari
1051 853 1147 915 posse
1161 834 1199 896 ut
1213 832 1359 897 emendes

187 934 302 1000 tiorenr
320 933 603 1014 transscribamus,
629 934 692 1002 hoc
713 936 779 1004 fere
799 939 910 1004 modo:
935 933 977 1001 τὰ
1000 929 1048 1014 εἷς
1073 960 1108 1003 οι
1128 936 1359 1018 σχατλιαστικὰ

187 1033 411 1127 όικατάληκτα
436 1037 494 1105 dcci
519 1043 580 1127 τῆς
600 1064 635 1107 οι
658 1037 850 1131 όιφθόμμοα
875 1037 1051 1132 γράφεται·
1085 1036 1240 1112 cinaede
1262 1045 1360 1112 όικα-

185 1143 342 1236 τάληκτα,
365 1144 440 1214 ἐπεὶ
455 1151 560 1214 ταῦτα
574 1172 632 1215 και
623 1146 711 1215 διὰ
730 1154 792 1238 τῆς
812 1175 848 1217 οι
869 1176 925 1219 και
918 1149 1006 1220 διὰ
1027 1156 1087 1239 τῆς
1108 1177 1146 1218 αι
1167 1149 1359 1282 όιφθόγγοο

185 1250 663 1345 γρόφιταιότοτοῖκαὶότοταῖ,
682 1281 750 1325 ocor
759 1282 840 1339 οιαι,
857 1253 952 1344 αιβοι
961 1255 1064 1345 ardut
1085 1283 1180 1343 οιμοι
1189 1284 1246 1327 και
1257 1284 1356 1345 ωμοι,

186 1353 250 1496 (pri)
273 1357 311 1432 οὐ
334 1361 411 1448 περὶ
428 1362 489 1450 τὴν
510 1359 692 1453 λήγουσαν,
716 1360 805 1432 άλλὰ
826 1366 904 1452 περὶ
923 1366 984 1456 τὴν
1004 1363 1168 1454 άρχοοσαν
1187 1366 1226 1435 τὸ
1249 1367 1361 1436 διττὸν

186 1464 236 1562 ἦν.
270 1470 310 1539 τὸ
339 1464 522 1559 <deposcas
547 1496 586 1539 το
614 1473 812 1561 διττομηστο
833 1477 919 1562 cod>
954 1503 981 1542 ιο
970 1466 1123 1544 πόποι
1150 1475 1224 1543 δυσὶ
1248 1470 1361 1556 τόνοις

184 1575 387 1668 χρησάμενον
415 1574 565 1666 ἔμφασιν
597 1576 711 1648 λόλιλοο
742 1574 788 1660 ὥς
820 1577 887 1668 άρα
917 1580 978 1650 δύο
1012 1581 1095 1672 μέρη
1133 1583 1232 1669 λόγου
1267 1579 1358 1653 εἰσίν.

182 1683 396 1774 Ἀρίσταρχος
412 1684 450 1753 de'
464 1710 566 1777 φησιν
585 1681 759 1755 ἀπίθανον
773 1681 911 1760 εἶναιτὸ
925 1691 983 1758 τὸν
998 1690 1068 1761 Δία
1082 1684 1110 1758 ολ
1123 1692 1231 1759 πόποι
1252 1688 1359 1778 λέγειν

186 1798 327 1883 (scripsit
356 1797 491 1863 fortasse
518 1786 547 1861 ὦ
574 1794 685 1863 πόποι
710 1789 784 1865 οἷον
809 1790 838 1864 ὦ
861 1798 940 1868 θεοὶ
962 1798 1083 1885 λέγειν,
1110 1824 1305 1887 quamquem
1327 1807 1360 1868 et

186 1928 252 1972 non
278 1906 434 1990 scriptum
459 1905 673 1992 intelligitur).
710 1897 785 1970 ἀλλ’
812 1904 887 1974 ἐπεὶ
912 1903 983 1975 ἔδει
1001 1907 1040 1974 τὸ
1064 1902 1153 1995 (ἀλλ’
1178 1903 1296 1995 ἐπειδὴ
1319 1908 1359 1973 τὸ

186 2013 270 2097 cod>
298 2005 409 2077 πόποι
432 2010 680 2093 σχετλιαστικὸν
703 2006 854 2096 ὑπάρχον
879 2009 958 2082 duee
983 2019 1043 2083 τοῦ
1070 2006 1360 2101 durescerent

186 2117 260 2187 ἐπεὶ
279 2113 459 2207 (ὑπάρχων,
483 2117 541 2186 καὶ
562 2111 639 2185 nivei
660 2124 721 2187 τοῦ
741 2145 769 2186 ω
791 2118 932 2206 λέγεται,
957 2120 1032 2190 ἐπεὶ
1052 2126 1137 2210 cod>
1159 2120 1359 2206 παράκειται

187 2221 276 2312 αὐτῷ
288 2223 328 2292 τὸ
343 2231 467 2306 παπαῖ,
491 2223 576 2293 ὥστε
590 2220 620 2292 εἰ
632 2225 678 2313 μὴ
703 2221 906 2312 ὀνοματικόν
927 2227 1016 2297 ἔστιν
1036 2228 1170 2320 ὀφείλει
1192 2236 1360 2316 περισπᾶ-

186 2338 287 2413 σθαι,
321 2327 368 2413 ὥς
393 2324 478 2400 εἶναι
507 2330 567 2400 δύο
597 2333 855 2420 περισπωμένας
883 2328 912 2402 ei
932 2343 1043 2403 ποποῖ
1063 2330 1106 2425 <ol
1128 2342 1247 2405 ποῦποι
1266 2341 1360 2425 cod),

187 2437 580 2530 creponensem.)
601 2440 811 2528 duodecadas
832 2438 914 2513 αὐτὸ
937 2441 983 2524 ὡς
1002 2443 1040 2511 τὸ
1063 2437 1091 2510 ὦ
1112 2441 1220 2536 φίλοι,
1245 2445 1282 2513 ἐκ
1299 2451 1359 2511 τοῦ

185 2545 368 2633 ὑπολαβεῖν
389 2542 497 2632 όνομα
518 2541 663 2619 εἶναιτὸ
684 2547 802 2622 πόποι.
841 2547 977 2618 Σκύθαι
998 2549 1058 2638 γὰρ
1080 2552 1120 2619 τὰ
1143 2549 1220 2639 παρ’
1245 2550 1360 2633 αὐτοῖς

186 2650 376 2743 ἀγαλμάτια
390 2654 524 2737 πόπους
544 2658 705 2743 καλοῦσι,’
718 2658 837 2738 καθώς
847 2655 1058 2745 Ἡρωδιανὸς
1079 2658 1115 2728 ἐν
1134 2662 1174 2752 τῇ
1195 2659 1357 2733 καθόλου.

185 2765 243 2834 καὶ
272 2757 376 2846 αὖθις
397 2759 477 2833 d’
438 2764 538 2845 αυτὸς
562 2766 640 2850 περὶ
659 2772 724 2833 τῶν
743 2761 853 2834 αότιον
874 2792 991 2857 φησιν,
1021 2762 1068 2847 ὥς
1088 2763 1127 2837 οὗ
1151 2767 1258 2835 dee
1221 2794 1264 2834 τα
1285 2792 1358 2851 σχε-

184 2874 360 2942 τλιαστικὰ
378 2879 444 2941 τῶν
462 2871 694 2963 ἐπιρρημάτων
711 2870 863 2962 (εὐκτικὰ
881 2879 952 2944 add.
973 2879 1069 2962 eod.)
1091 2872 1194 2943 οἱονεὶ
1214 2876 1390 2963 βακχικὰ

186 2975 275 3063 ὄντα,
291 2978 358 3049 ὑπὸ
372 2982 435 3071 τὴν
447 2979 593 3064 ἔντεχνον
607 2976 865 3070 άκολονθίαν<-
848 2980 967 3049 -θείαν
981 2978 1110 3069 eod.''>
1087 3006 1180 3069 uyetu
1196 3008 1213 3050 e
1215 2989 1357 3052 t.cetere

185 3092 223 3159 In
245 3116 311 3178 quo
331 3094 415 3172 loco,
438 3115 513 3157 nam
534 3114 601 3158 nou
622 3094 680 3159 ebs
701 3115 736 3158 re
756 3092 856 3159 fuerit
876 3092 939 3158 hoc
959 3094 1128 3175 addidisse
1150 3093 1358 3159 memorabile

186 3201 365 3286 exemplum
378 3198 544 3279 hebernus,
558 3204 680 3285 quanta
693 3201 843 3267 cautione
857 3222 939 3286 opus
954 3201 997 3266 sit
1011 3201 1045 3265 iu
1059 3201 1122 3266 hoc
1134 3200 1354 3287 Theognostu
1374 3217 1421 3268 120

185 3308 240 3392 qui
261 3307 415 3393 pleraque
437 3330 477 3372 ex
497 3307 684 3374 Herodiano
705 3308 910 3385 transumit,
944 3331 985 3374 ue
1011 3331 1050 3373 ex
1071 3306 1129 3374 illo
1152 3309 1233 3376 falsa
1253 3310 1358 3375 Hero·

185 3416 281 3481 diano
296 3416 484 3481 tribuemus.
523 3414 608 3482 Nem
626 3417 690 3482 duo
705 3416 758 3481 hic
775 3419 860 3481 certe
876 3420 960 3495 sunt
982 3439 1064 3502 quae
1085 3417 1154 3483 siue
1176 3417 1244 3482 ulle
1266 3417 1357 3482 dubi-

185 3523 310 3589 tau'oue
336 3545 401 3589 non
423 3523 627 3591 Herodinnea
652 3547 721 3589 esse
747 3524 897 3590 affirmes.
939 3523 1084 3590 Primum
1111 3527 1199 3610 quod
1223 3525 1357 3609 reliquis

184 3630 219 3695 in
245 3630 310 3696 fine
333 3631 454 3717 duplici
480 3631 584 3698 forme
609 3631 761 3717 praeditis
782 3632 892 3717 inepte
914 3631 1092 3715 interponit
1112 3632 1194 3698 illud
1214 3625 1305 3714 ὤμοι
1325 3635 1359 3698 et

185 3731 289 3820 οἴμοι.
330 3739 455 3806 Deinde
483 3741 571 3825 quod
595 3740 642 3804 ita
668 3738 813 3823 loquitur
844 3739 938 3824 quasi
963 3739 1167 3805 Herodianus
1193 3728 1358 3804 dixeritrrl

184 3839 294 3911 πόποι
309 3847 396 3931 apud
410 3846 548 3914 Graecos
569 3847 603 3912 in
617 3846 883 3913 consuetudinem
905 3847 1030 3912 venisse
1051 3847 1114 3913 hoc
1135 3850 1268 3912 accentu
1291 3869 1356 3912 nou

184 3958 312 4020 tantum
338 3954 414 4040 quie
439 3978 498 4040 per
526 3954 607 4021 illud
631 3955 851 4039 praepositum
879 3943 906 4017 ul
933 3954 1056 4040 species
1085 3957 1156 4020 orta
1177 3954 1220 4019 sit
1241 3953 1357 4019 adiecti

134 4094 139 4099 ·
184 4062 387 4142 substantivi,
410 4064 468 4129 sed
489 4062 565 4148 quie
584 4062 666 4128 illud
686 4056 797 4128 πόποι
819 4063 1057 4128 substantivum
1076 4063 1178 4127 visum
1200 4061 1357 4128 referrent

184 4171 224 4236 ad
243 4170 398 4256 Scythice
418 4171 475 4237 illa
495 4161 696 4254 ἀγαλμάτια.
734 4169 875 4236 Tantum
897 4171 1056 4247 discimus,
1077 4169 1296 4236 Herodianum
1318 4193 1357 4236 eo

184 4278 267 4359 loco,
288 4279 345 4345 ubi
367 4278 523 4366 disyllaba
543 4277 578 4343 iu
600 4299 686 4354 οπος
707 4279 916 4343 enumerabat
936 4278 970 4343 in
992 4276 1269 4363 catholicatlibro
1284 4301 1358 4364 sep-

185 4387 289 4465 timo),
309 4377 430 4464 τόπος,
454 4379 580 4462 κόπος,
605 4384 744 4470 reliqua,
764 4408 803 4450 ex
823 4384 932 4471 ulique
953 4385 1175 4465 reconditione,
1196 4389 1234 4451 ut
1254 4388 1358 4470 putes,
