<?xml version="1.0" encoding="UTF-8"?>
<!DOCTYPE html PUBLIC "-//W3C//DTD XHTML 1.0 Transitional//EN"
    "http://www.w3.org/TR/xhtml1/DTD/xhtml1-transitional.dtd">
<html xmlns="http://www.w3.org/1999/xhtml" xml:lang="en" lang="en">
 <head>
  <title>
</title>
<meta http-equiv="Content-Type" content="text/html;charset=utf-8" />
  <meta name='ocr-system' content='tesseract 3.04.00' />
  <meta name='ocr-capabilities' content='ocr_page ocr_carea ocr_par ocr_line ocrx_word'/>
</head>
<body>
  <div class='ocr_page' id='page_1' title='image "./dearistarchistu00ludwgoog/dearistarchistu00ludwgoog_0382.png"; bbox 0 0 3425 4934; ppageno 0'>
   <div class='ocr_carea' id='block_1_1' title="bbox 353 277 1224 352">
    <p class='ocr_par' dir='ltr' id='par_1_1' title="bbox 353 277 1224 352">
     <span class='ocr_line' id='line_1_1' title="bbox 353 277 1224 352; baseline -0.003 -14"><span class='ocrx_word' id='word_1_1' title='bbox 353 288 414 352; x_wconf 79' lang='lat'>360</span> <span class='ocrx_word' id='word_1_2' title='bbox 653 277 686 333; x_wconf 90' lang='lat' dir='ltr'>V.</span> <span class='ocrx_word' id='word_1_3' title='bbox 711 278 754 333; x_wconf 91' lang='lat' dir='ltr'>De</span> <span class='ocrx_word' id='word_1_4' title='bbox 771 277 875 335; x_wconf 82' lang='lat' dir='ltr'>criticis</span> <span class='ocrx_word' id='word_1_5' title='bbox 891 278 1045 336; x_wconf 80' lang='lat' dir='ltr'>Aristarchi</span> <span class='ocrx_word' id='word_1_6' title='bbox 1062 279 1224 337; x_wconf 87' lang='lat' dir='ltr'>rationibus.</span> 
     </span>
    </p>
   </div>
   <div class='ocr_carea' id='block_1_2' title="bbox 272 439 1532 4255">
    <p class='ocr_par' dir='ltr' id='par_1_2' title="bbox 272 439 1529 1185">
     <span class='ocr_line' id='line_1_2' title="bbox 354 439 1527 536; baseline 0.002 -21"><span class='ocrx_word' id='word_1_7' title='bbox 354 449 535 515; x_wconf 88' lang='lat' dir='ltr'>starcheum</span> <span class='ocrx_word' id='word_1_8' title='bbox 550 439 699 513; x_wconf 72' lang='lat' dir='ltr'>duedecim</span> <span class='ocrx_word' id='word_1_9' title='bbox 715 447 779 531; x_wconf 84' lang='lat' dir='ltr'>(vel</span> <span class='ocrx_word' id='word_1_10' title='bbox 792 449 902 534; x_wconf 88' lang='lat' dir='ltr'>potius</span> <span class='ocrx_word' id='word_1_11' title='bbox 917 443 1068 536; x_wconf 76' lang='grc' dir='ltr'><strong><em>δπιδαίη)</em></strong></span> <span class='ocrx_word' id='word_1_12' title='bbox 1077 448 1131 517; x_wconf 74' lang='lat'>²⁵⁸.</span> <span class='ocrx_word' id='word_1_13' title='bbox 1152 449 1283 515; x_wconf 81' lang='lat' dir='ltr'><strong>Etenim</strong></span> <span class='ocrx_word' id='word_1_14' title='bbox 1295 453 1387 535; x_wconf 90' lang='lat' dir='ltr'>patet</span> <span class='ocrx_word' id='word_1_15' title='bbox 1401 452 1527 517; x_wconf 89' lang='lat' dir='ltr'>etiamsi</span> 
     </span>
     <span class='ocr_line' id='line_1_3' title="bbox 286 556 1527 642; baseline 0.005 -24"><span class='ocrx_word' id='word_1_16' title='bbox 286 567 337 619; x_wconf 73' lang='lat'>366</span> <span class='ocrx_word' id='word_1_17' title='bbox 355 580 422 624; x_wconf 89' lang='lat' dir='ltr'>non</span> <span class='ocrx_word' id='word_1_18' title='bbox 447 556 670 642; x_wconf 76' lang='lat' dir='ltr'>propendebat</span> <span class='ocrx_word' id='word_1_19' title='bbox 689 557 824 623; x_wconf 86' lang='lat' dir='ltr'>Homeri</span> <span class='ocrx_word' id='word_1_20' title='bbox 849 578 954 624; x_wconf 90' lang='lat' dir='ltr'>sermo</span> <span class='ocrx_word' id='word_1_21' title='bbox 983 558 1024 623; x_wconf 87' lang='lat' dir='ltr'>ad</span> <span class='ocrx_word' id='word_1_22' title='bbox 1050 558 1263 625; x_wconf 90' lang='lat' dir='ltr'>omittendum</span> <span class='ocrx_word' id='word_1_23' title='bbox 1288 559 1422 624; x_wconf 85' lang='lat' dir='ltr'>verbum</span> <span class='ocrx_word' id='word_1_24' title='bbox 1449 560 1527 624; x_wconf 87' lang='lat' dir='ltr'>sub·</span> 
     </span>
     <span class='ocr_line' id='line_1_4' title="bbox 353 659 1529 750; baseline 0.001 -19"><span class='ocrx_word' id='word_1_25' title='bbox 353 665 529 731; x_wconf 85' lang='lat' dir='ltr'>stantivum</span> <span class='ocrx_word' id='word_1_26' title='bbox 542 665 683 750; x_wconf 86' lang='lat' dir='ltr'>exceptis</span> <span class='ocrx_word' id='word_1_27' title='bbox 697 664 809 731; x_wconf 86' lang='lat' dir='ltr'>formis</span> <span class='ocrx_word' id='word_1_28' title='bbox 825 660 895 729; x_wconf 79' lang='grc' dir='ltr'><strong><em>ἐστί</em></strong></span> <span class='ocrx_word' id='word_1_29' title='bbox 909 669 943 732; x_wconf 87' lang='lat' dir='ltr'>et</span> <span class='ocrx_word' id='word_1_30' title='bbox 958 659 1032 743; x_wconf 83' lang='lat' dir='ltr'>eici,</span> <span class='ocrx_word' id='word_1_31' title='bbox 1050 670 1160 731; x_wconf 89' lang='lat' dir='ltr'>tamen</span> <span class='ocrx_word' id='word_1_32' title='bbox 1174 667 1301 732; x_wconf 89' lang='lat' dir='ltr'>nonita</span> <span class='ocrx_word' id='word_1_33' title='bbox 1319 667 1529 732; x_wconf 85' lang='lat' dir='ltr'>constrictum</span> 
     </span>
     <span class='ocr_line' id='line_1_5' title="bbox 352 773 1529 858; baseline 0.003 -21"><span class='ocrx_word' id='word_1_34' title='bbox 352 774 450 839; x_wconf 85' lang='lat' dir='ltr'>fuisse</span> <span class='ocrx_word' id='word_1_35' title='bbox 475 776 606 858; x_wconf 89' lang='lat' dir='ltr'>poetam</span> <span class='ocrx_word' id='word_1_36' title='bbox 627 773 705 858; x_wconf 87' lang='lat' dir='ltr'>quin</span> <span class='ocrx_word' id='word_1_37' title='bbox 727 774 755 838; x_wconf 92' lang='lat' dir='ltr'>si</span> <span class='ocrx_word' id='word_1_38' title='bbox 776 774 905 858; x_wconf 89' lang='lat' dir='ltr'>quando</span> <span class='ocrx_word' id='word_1_39' title='bbox 927 775 1134 840; x_wconf 90' lang='lat' dir='ltr'>commodum</span> <span class='ocrx_word' id='word_1_40' title='bbox 1156 777 1241 840; x_wconf 90' lang='lat' dir='ltr'>esset</span> <span class='ocrx_word' id='word_1_41' title='bbox 1262 779 1296 839; x_wconf 90' lang='lat' dir='ltr'>et</span> <span class='ocrx_word' id='word_1_42' title='bbox 1316 795 1374 858; x_wconf 91' lang='lat' dir='ltr'>per</span> <span class='ocrx_word' id='word_1_43' title='bbox 1394 778 1529 841; x_wconf 85' lang='lat' dir='ltr'>senten-</span> 
     </span>
     <span class='ocr_line' id='line_1_6' title="bbox 353 881 1524 967; baseline 0.003 -21"><span class='ocrx_word' id='word_1_44' title='bbox 353 883 432 946; x_wconf 91' lang='lat' dir='ltr'>tiam</span> <span class='ocrx_word' id='word_1_45' title='bbox 458 881 653 967; x_wconf 72' lang='lat' dir='ltr'><strong>ambiguitas</strong></span> <span class='ocrx_word' id='word_1_46' title='bbox 677 881 872 947; x_wconf 83' lang='lat' dir='ltr'>devitaretur</span> <span class='ocrx_word' id='word_1_47' title='bbox 899 881 1069 965; x_wconf 89' lang='lat' dir='ltr'>(namhoc</span> <span class='ocrx_word' id='word_1_48' title='bbox 1090 881 1153 946; x_wconf 90' lang='lat' dir='ltr'>nisi</span> <span class='ocrx_word' id='word_1_49' title='bbox 1173 881 1220 946; x_wconf 92' lang='lat' dir='ltr'>ita</span> <span class='ocrx_word' id='word_1_50' title='bbox 1241 885 1291 947; x_wconf 89' lang='lat' dir='ltr'>est</span> <span class='ocrx_word' id='word_1_51' title='bbox 1311 882 1440 948; x_wconf 88' lang='lat' dir='ltr'>auditor</span> <span class='ocrx_word' id='word_1_52' title='bbox 1460 904 1524 949; x_wconf 87' lang='lat' dir='ltr'>noa</span> 
     </span>
     <span class='ocr_line' id='line_1_7' title="bbox 353 988 1525 1075; baseline -0.003 -19"><span class='ocrx_word' id='word_1_53' title='bbox 353 992 455 1056; x_wconf 83' lang='lat' dir='ltr'>fertur</span> <span class='ocrx_word' id='word_1_54' title='bbox 480 989 543 1054; x_wconf 91' lang='lat' dir='ltr'>nisi</span> <span class='ocrx_word' id='word_1_55' title='bbox 565 988 606 1053; x_wconf 89' lang='lat' dir='ltr'>ad</span> <span class='ocrx_word' id='word_1_56' title='bbox 627 988 755 1053; x_wconf 75' lang='lat' dir='ltr'>tertiam</span> <span class='ocrx_word' id='word_1_57' title='bbox 775 1011 947 1074; x_wconf 78' lang='lat' dir='ltr'>personam</span> <span class='ocrx_word' id='word_1_58' title='bbox 968 988 1193 1075; x_wconf 82' lang='lat' dir='ltr'>supplendam)</span> <span class='ocrx_word' id='word_1_59' title='bbox 1215 988 1288 1054; x_wconf 89' lang='lat' dir='ltr'>aliis</span> <span class='ocrx_word' id='word_1_60' title='bbox 1310 1012 1439 1075; x_wconf 89' lang='lat' dir='ltr'>quoque</span> <span class='ocrx_word' id='word_1_61' title='bbox 1460 990 1525 1056; x_wconf 87' lang='lat' dir='ltr'>for·</span> 
     </span>
     <span class='ocr_line' id='line_1_8' title="bbox 272 1086 1527 1185; baseline 0.004 -27"><span class='ocrx_word' id='word_1_62' title='bbox 272 1105 344 1174; x_wconf 83' lang='lat'>(382)</span> <span class='ocrx_word' id='word_1_63' title='bbox 355 1099 416 1163; x_wconf 91' lang='lat' dir='ltr'>mis</span> <span class='ocrx_word' id='word_1_64' title='bbox 432 1119 539 1163; x_wconf 89' lang='lat' dir='ltr'>carere</span> <span class='ocrx_word' id='word_1_65' title='bbox 558 1100 676 1182; x_wconf 87' lang='lat' dir='ltr'>posset.</span> <span class='ocrx_word' id='word_1_66' title='bbox 713 1095 766 1163; x_wconf 86' lang='lat' dir='ltr'>Sic</span> <span class='ocrx_word' id='word_1_67' title='bbox 788 1098 1011 1163; x_wconf 79' lang='lat' dir='ltr'>coniunctivae</span> <span class='ocrx_word' id='word_1_68' title='bbox 1032 1086 1064 1185; x_wconf 70' lang='grc' dir='ltr'><em>ἦ</em></span> <span class='ocrx_word' id='word_1_69' title='bbox 1076 1096 1145 1162; x_wconf 89' lang='lat' dir='ltr'>eius</span> <span class='ocrx_word' id='word_1_70' title='bbox 1165 1095 1273 1161; x_wconf 90' lang='lat' dir='ltr'>auimo</span> <span class='ocrx_word' id='word_1_71' title='bbox 1298 1096 1527 1163; x_wconf 78' lang='lat' dir='ltr'>obversabatur</span> 
     </span>
    </p>

    <p class='ocr_par' dir='ltr' id='par_1_3' title="bbox 346 1194 1529 2259">
     <span class='ocr_line' id='line_1_9' title="bbox 354 1194 1525 1291; baseline 0.001 -22"><span class='ocrx_word' id='word_1_72' title='bbox 354 1207 384 1269; x_wconf 86' lang='lat' dir='ltr'><em>E</em></span> <span class='ocrx_word' id='word_1_73' title='bbox 402 1211 461 1274; x_wconf 78' lang='lat'>481</span> <span class='ocrx_word' id='word_1_74' title='bbox 485 1196 636 1291; x_wconf 79' lang='grc' dir='ltr'><strong><em>κτήματα</em></strong></span> <span class='ocrx_word' id='word_1_75' title='bbox 662 1240 704 1251; x_wconf 88' lang='grc'>-</span> <span class='ocrx_word' id='word_1_76' title='bbox 728 1198 770 1268; x_wconf 88' lang='grc' dir='ltr'>τά</span> <span class='ocrx_word' id='word_1_77' title='bbox 792 1197 817 1268; x_wconf 79' lang='grc' dir='ltr'>τ’</span> <span class='ocrx_word' id='word_1_78' title='bbox 846 1198 980 1270; x_wconf 79' lang='grc' dir='ltr'><strong><em>ἐλδεται</em></strong></span> <span class='ocrx_word' id='word_1_79' title='bbox 1001 1199 1039 1281; x_wconf 81' lang='grc' dir='ltr'><strong><em>ὅς</em></strong></span> <span class='ocrx_word' id='word_1_80' title='bbox 1060 1194 1087 1267; x_wconf 80' lang='grc' dir='ltr'>κ’</span> <span class='ocrx_word' id='word_1_81' title='bbox 1112 1196 1278 1289; x_wconf 76' lang='grc' dir='ltr'><strong><em>ἐπιδευής.</em></strong></span> <span class='ocrx_word' id='word_1_82' title='bbox 1317 1204 1374 1289; x_wconf 83' lang='lat' dir='ltr'>Et,</span> <span class='ocrx_word' id='word_1_83' title='bbox 1401 1207 1525 1291; x_wconf 78' lang='lat' dir='ltr'>opinor¹</span> 
     </span>
     <span class='ocr_line' id='line_1_10' title="bbox 354 1303 1527 1399; baseline 0.001 -23"><span class='ocrx_word' id='word_1_84' title='bbox 354 1318 390 1376; x_wconf 92' lang='lat' dir='ltr'><strong><em>N</em></strong></span> <span class='ocrx_word' id='word_1_85' title='bbox 408 1318 468 1382; x_wconf 82' lang='lat'>335</span> <span class='ocrx_word' id='word_1_86' title='bbox 490 1304 536 1389; x_wconf 81' lang='grc' dir='ltr'><strong><em>ὡς</em></strong></span> <span class='ocrx_word' id='word_1_87' title='bbox 558 1304 589 1376; x_wconf 80' lang='grc' dir='ltr'>δ’</span> <span class='ocrx_word' id='word_1_88' title='bbox 613 1304 670 1377; x_wconf 79' lang='grc' dir='ltr'>ὅθ’</span> <span class='ocrx_word' id='word_1_89' title='bbox 692 1305 760 1377; x_wconf 77' lang='grc' dir='ltr'>ὑπὸ</span> <span class='ocrx_word' id='word_1_90' title='bbox 783 1307 902 1396; x_wconf 76' lang='grc' dir='ltr'><strong><em>λιγέων</em></strong></span> <span class='ocrx_word' id='word_1_91' title='bbox 923 1305 1054 1394; x_wconf 80' lang='grc' dir='ltr'><strong><em>ἀνίμων</em></strong></span> <span class='ocrx_word' id='word_1_92' title='bbox 1075 1307 1261 1396; x_wconf 77' lang='grc' dir='ltr'><strong><em>σπέρχωσιν</em></strong></span> <span class='ocrx_word' id='word_1_93' title='bbox 1282 1303 1403 1376; x_wconf 85' lang='grc' dir='ltr'><strong><em>άελλαι</em></strong></span> <span class='ocrx_word' id='word_1_94' title='bbox 1424 1305 1527 1399; x_wconf 76' lang='grc' dir='ltr'><strong><em>ἤματι</em></strong></span> 
     </span>
     <span class='ocr_line' id='line_1_11' title="bbox 353 1411 1526 1508; baseline 0 -22"><span class='ocrx_word' id='word_1_95' title='bbox 353 1424 399 1507; x_wconf 80' lang='grc' dir='ltr'>τῷ</span> <span class='ocrx_word' id='word_1_96' title='bbox 425 1416 480 1486; x_wconf 84' lang='grc' dir='ltr'><strong><em>ὅτε</em></strong></span> <span class='ocrx_word' id='word_1_97' title='bbox 504 1442 539 1484; x_wconf 84' lang='grc' dir='ltr'><strong><em>τε</em></strong></span> <span class='ocrx_word' id='word_1_98' title='bbox 560 1413 697 1506; x_wconf 77' lang='grc' dir='ltr'><strong><em>πλείστη</em></strong></span> <span class='ocrx_word' id='word_1_99' title='bbox 723 1413 815 1496; x_wconf 82' lang='grc' dir='ltr'><strong><em>κόνις</em></strong></span> <span class='ocrx_word' id='word_1_100' title='bbox 837 1412 926 1508; x_wconf 78' lang='grc' dir='ltr'><strong><em>ἀμφὶ</em></strong></span> <span class='ocrx_word' id='word_1_101' title='bbox 947 1411 1138 1495; x_wconf 78' lang='grc' dir='ltr'><strong><em>κελεύθους.</em></strong></span> <span class='ocrx_word' id='word_1_102' title='bbox 1174 1418 1220 1485; x_wconf 82' lang='lat' dir='ltr'>Et</span> <span class='ocrx_word' id='word_1_103' title='bbox 1245 1418 1390 1486; x_wconf 86' lang='lat' dir='ltr'>futurum</span> <span class='ocrx_word' id='word_1_104' title='bbox 1417 1421 1526 1506; x_wconf 89' lang='lat' dir='ltr'>potius</span> 
     </span>
     <span class='ocr_line' id='line_1_12' title="bbox 355 1518 1527 1615; baseline -0.004 -20"><span class='ocrx_word' id='word_1_105' title='bbox 355 1552 452 1615; x_wconf 87' lang='lat' dir='ltr'>quam</span> <span class='ocrx_word' id='word_1_106' title='bbox 477 1549 630 1614; x_wconf 88' lang='lat' dir='ltr'>praesens</span> <span class='ocrx_word' id='word_1_107' title='bbox 657 1527 677 1606; x_wconf 86' lang='grc' dir='ltr'><em>ξ</em></span> <span class='ocrx_word' id='word_1_108' title='bbox 696 1533 756 1596; x_wconf 85' lang='grc'>394</span> <span class='ocrx_word' id='word_1_109' title='bbox 785 1518 857 1591; x_wconf 79' lang='grc' dir='ltr'><strong><em>ἀλλ’</em></strong></span> <span class='ocrx_word' id='word_1_110' title='bbox 880 1519 940 1610; x_wconf 80' lang='grc' dir='ltr'><strong><em>άγε</em></strong></span> <span class='ocrx_word' id='word_1_111' title='bbox 961 1529 1017 1592; x_wconf 83' lang='grc' dir='ltr'>νῦν</span> <span class='ocrx_word' id='word_1_112' title='bbox 1038 1519 1159 1613; x_wconf 77' lang='grc' dir='ltr'><strong><em>ῥήτρην</em></strong></span> <span class='ocrx_word' id='word_1_113' title='bbox 1179 1518 1395 1613; x_wconf 73' lang='grc' dir='ltr'><strong><em>ποιησόμεθ’,</em></strong></span> <span class='ocrx_word' id='word_1_114' title='bbox 1421 1519 1527 1609; x_wconf 79' lang='grc' dir='ltr'><strong><em>αὐτὰρ</em></strong></span> 
     </span>
     <span class='ocr_line' id='line_1_13' title="bbox 355 1626 1529 1720; baseline -0.002 -18"><span class='ocrx_word' id='word_1_115' title='bbox 355 1630 501 1702; x_wconf 78' lang='grc' dir='ltr'><strong><em>δ’πισθεν</em></strong></span> <span class='ocrx_word' id='word_1_116' title='bbox 526 1635 590 1718; x_wconf 77' lang='lat' dir='ltr'>(vel</span> <span class='ocrx_word' id='word_1_117' title='bbox 609 1638 647 1701; x_wconf 91' lang='lat' dir='ltr'>ut</span> <span class='ocrx_word' id='word_1_118' title='bbox 668 1634 723 1700; x_wconf 87' lang='lat' dir='ltr'>alii</span> <span class='ocrx_word' id='word_1_119' title='bbox 743 1630 905 1718; x_wconf 73' lang='grc' dir='ltr'><strong><em>ὕπερθεν)</em></strong></span> <span class='ocrx_word' id='word_1_120' title='bbox 931 1627 1095 1720; x_wconf 80' lang='grc' dir='ltr'><strong><em>μάρτυροι</em></strong></span> <span class='ocrx_word' id='word_1_121' title='bbox 1116 1626 1339 1717; x_wconf 75' lang='grc' dir='ltr'><strong><em>ἀμφοτέροισι</em></strong></span> <span class='ocrx_word' id='word_1_122' title='bbox 1360 1629 1453 1717; x_wconf 87' lang='grc' dir='ltr'><strong><em>θεοί,</em></strong></span> <span class='ocrx_word' id='word_1_123' title='bbox 1473 1632 1529 1700; x_wconf 84' lang='grc' dir='ltr'>τοὶ</span> 
     </span>
     <span class='ocr_line' id='line_1_14' title="bbox 346 1735 1527 1827; baseline -0.001 -18"><span class='ocrx_word' id='word_1_124' title='bbox 346 1735 525 1825; x_wconf 75' lang='grc' dir='ltr'><strong><em>’Όλυμπσν</em></strong></span> <span class='ocrx_word' id='word_1_125' title='bbox 550 1735 662 1822; x_wconf 54' lang='lat' dir='ltr'>{iocor</span> <span class='ocrx_word' id='word_1_126' title='bbox 687 1750 728 1824; x_wconf 87' lang='lat' dir='ltr'>(v.</span> <span class='ocrx_word' id='word_1_127' title='bbox 750 1746 789 1808; x_wconf 92' lang='lat' dir='ltr'><em>A</em></span> <span class='ocrx_word' id='word_1_128' title='bbox 806 1747 876 1812; x_wconf 83' lang='grc'><strong>338.</strong></span> <span class='ocrx_word' id='word_1_129' title='bbox 903 1745 939 1805; x_wconf 87' lang='lat' dir='ltr'><em>X</em></span> <span class='ocrx_word' id='word_1_130' title='bbox 959 1745 1043 1826; x_wconf 79' lang='lat'>255).</span> <span class='ocrx_word' id='word_1_131' title='bbox 1085 1740 1124 1806; x_wconf 85' lang='lat' dir='ltr'>In</span> <span class='ocrx_word' id='word_1_132' title='bbox 1150 1764 1214 1827; x_wconf 91' lang='lat' dir='ltr'>quo</span> <span class='ocrx_word' id='word_1_133' title='bbox 1240 1762 1307 1808; x_wconf 87' lang='lat' dir='ltr'>non</span> <span class='ocrx_word' id='word_1_134' title='bbox 1333 1742 1449 1807; x_wconf 90' lang='lat' dir='ltr'>iniuria</span> <span class='ocrx_word' id='word_1_135' title='bbox 1477 1743 1527 1808; x_wconf 92' lang='lat' dir='ltr'>di-</span> 
     </span>
     <span class='ocr_line' id='line_1_15' title="bbox 355 1849 1528 1935; baseline -0.002 -18"><span class='ocrx_word' id='word_1_136' title='bbox 355 1851 438 1918; x_wconf 87' lang='lat' dir='ltr'>xeris</span> <span class='ocrx_word' id='word_1_137' title='bbox 454 1874 492 1916; x_wconf 84' lang='lat' dir='ltr'>ex</span> <span class='ocrx_word' id='word_1_138' title='bbox 508 1851 718 1917; x_wconf 88' lang='lat' dir='ltr'>antecedente</span> <span class='ocrx_word' id='word_1_139' title='bbox 732 1853 830 1919; x_wconf 86' lang='lat' dir='ltr'>verbo</span> <span class='ocrx_word' id='word_1_140' title='bbox 846 1872 913 1916; x_wconf 93' lang='lat' dir='ltr'>non</span> <span class='ocrx_word' id='word_1_141' title='bbox 934 1854 972 1914; x_wconf 91' lang='lat' dir='ltr'>ut</span> <span class='ocrx_word' id='word_1_142' title='bbox 992 1872 1087 1935; x_wconf 83' lang='lat' dir='ltr'>saepe</span> <span class='ocrx_word' id='word_1_143' title='bbox 1109 1849 1147 1915; x_wconf 90' lang='lat' dir='ltr'>fit</span> <span class='ocrx_word' id='word_1_144' title='bbox 1166 1849 1306 1915; x_wconf 90' lang='lat' dir='ltr'>radicem</span> <span class='ocrx_word' id='word_1_145' title='bbox 1329 1850 1449 1915; x_wconf 84' lang='lat' dir='ltr'>assumi</span> <span class='ocrx_word' id='word_1_146' title='bbox 1470 1851 1528 1916; x_wconf 87' lang='lat' dir='ltr'>sed</span> 
     </span>
     <span class='ocr_line' id='line_1_16' title="bbox 355 1956 1528 2046; baseline -0.003 -20"><span class='ocrx_word' id='word_1_147' title='bbox 355 1966 491 2046; x_wconf 88' lang='lat' dir='ltr'>tempus.</span> <span class='ocrx_word' id='word_1_148' title='bbox 532 1958 687 2024; x_wconf 84' lang='lat' dir='ltr'>Attamen</span> <span class='ocrx_word' id='word_1_149' title='bbox 708 1962 742 2024; x_wconf 92' lang='lat' dir='ltr'>et</span> <span class='ocrx_word' id='word_1_150' title='bbox 762 1959 841 2024; x_wconf 86' lang='lat' dir='ltr'>haec</span> <span class='ocrx_word' id='word_1_151' title='bbox 862 1958 1025 2024; x_wconf 90' lang='lat' dir='ltr'>rarissima</span> <span class='ocrx_word' id='word_1_152' title='bbox 1046 1960 1134 2035; x_wconf 84' lang='lat' dir='ltr'>sunt,</span> <span class='ocrx_word' id='word_1_153' title='bbox 1161 1960 1193 2022; x_wconf 90' lang='lat' dir='ltr'>et</span> <span class='ocrx_word' id='word_1_154' title='bbox 1216 1956 1254 2022; x_wconf 93' lang='lat' dir='ltr'>de</span> <span class='ocrx_word' id='word_1_155' title='bbox 1274 1956 1462 2041; x_wconf 83' lang='lat' dir='ltr'>imperfecto</span> <span class='ocrx_word' id='word_1_156' title='bbox 1485 1981 1528 2022; x_wconf 93' lang='lat' dir='ltr'>an</span> 
     </span>
     <span class='ocr_line' id='line_1_17' title="bbox 356 2062 1528 2152; baseline -0.001 -21"><span class='ocrx_word' id='word_1_157' title='bbox 356 2090 439 2133; x_wconf 91' lang='lat' dir='ltr'>unus</span> <span class='ocrx_word' id='word_1_158' title='bbox 453 2067 496 2132; x_wconf 89' lang='lat' dir='ltr'>sit</span> <span class='ocrx_word' id='word_1_159' title='bbox 508 2064 600 2132; x_wconf 88' lang='lat' dir='ltr'>locus</span> <span class='ocrx_word' id='word_1_160' title='bbox 614 2067 781 2150; x_wconf 82' lang='lat' dir='ltr'>incertum,</span> <span class='ocrx_word' id='word_1_161' title='bbox 804 2088 998 2152; x_wconf 90' lang='lat' dir='ltr'>quamquam</span> <span class='ocrx_word' id='word_1_162' title='bbox 1013 2087 1072 2131; x_wconf 88' lang='lat' dir='ltr'>nec</span> <span class='ocrx_word' id='word_1_163' title='bbox 1085 2065 1148 2130; x_wconf 88' lang='lat' dir='ltr'>boo</span> <span class='ocrx_word' id='word_1_164' title='bbox 1168 2064 1300 2129; x_wconf 91' lang='lat' dir='ltr'>omnino</span> <span class='ocrx_word' id='word_1_165' title='bbox 1321 2062 1528 2131; x_wconf 88' lang='lat' dir='ltr'>interdictum</span> 
     </span>
     <span class='ocr_line' id='line_1_18' title="bbox 356 2170 886 2259; baseline -0.004 -18"><span class='ocrx_word' id='word_1_166' title='bbox 356 2175 455 2241; x_wconf 87' lang='lat' dir='ltr'>fuisse</span> <span class='ocrx_word' id='word_1_167' title='bbox 477 2175 665 2259; x_wconf 85' lang='lat' dir='ltr'>putaverim.</span> <span class='ocrx_word' id='word_1_168' title='bbox 704 2180 735 2238; x_wconf 92' lang='lat' dir='ltr'><em>T</em></span> <span class='ocrx_word' id='word_1_169' title='bbox 753 2170 793 2243; x_wconf 75' lang='lat' dir='ltr'>ic</span> <span class='ocrx_word' id='word_1_170' title='bbox 814 2196 886 2259; x_wconf 89' lang='lat' dir='ltr'>sqq.</span> 
     </span>
    </p>

    <p class='ocr_par' dir='ltr' id='par_1_4' title="bbox 439 2274 1341 2369">
     <span class='ocr_line' id='line_1_19' title="bbox 439 2274 1341 2369; baseline -0.001 -23"><span class='ocrx_word' id='word_1_171' title='bbox 439 2274 540 2367; x_wconf 82' lang='grc' dir='ltr'><strong><em>αὐτὰρ</em></strong></span> <span class='ocrx_word' id='word_1_172' title='bbox 563 2277 648 2369; x_wconf 60' lang='lat' dir='ltr'>ddi}</span> <span class='ocrx_word' id='word_1_173' title='bbox 668 2279 762 2367; x_wconf 87' lang='grc' dir='ltr'><strong><em>παρὰ</em></strong></span> <span class='ocrx_word' id='word_1_174' title='bbox 783 2284 866 2347; x_wconf 88' lang='grc' dir='ltr'><strong><em>θῖνα</em></strong></span> <span class='ocrx_word' id='word_1_175' title='bbox 887 2276 1061 2368; x_wconf 75' lang='grc' dir='ltr'><strong><em>θαλάσσης</em></strong></span> <span class='ocrx_word' id='word_1_176' title='bbox 1082 2280 1154 2359; x_wconf 88' lang='grc' dir='ltr'><strong><em>δῖος</em></strong></span> <span class='ocrx_word' id='word_1_177' title='bbox 1172 2274 1341 2363; x_wconf 79' lang='grc' dir='ltr'><strong><em>Ἀχιλλεὺς</em></strong></span> 
     </span>
    </p>

    <p class='ocr_par' dir='ltr' id='par_1_5' title="bbox 440 2378 1265 2475">
     <span class='ocr_line' id='line_1_20' title="bbox 440 2378 1265 2475; baseline 0 -20"><span class='ocrx_word' id='word_1_178' title='bbox 440 2378 629 2475; x_wconf 78' lang='grc' dir='ltr'><strong><em>σμερδαλέα</em></strong></span> <span class='ocrx_word' id='word_1_179' title='bbox 649 2381 761 2470; x_wconf 87' lang='grc' dir='ltr'><strong><em>ίάχων,</em></strong></span> <span class='ocrx_word' id='word_1_180' title='bbox 785 2379 889 2471; x_wconf 78' lang='grc' dir='ltr'><strong><em>ὦρσεν</em></strong></span> <span class='ocrx_word' id='word_1_181' title='bbox 910 2381 941 2454; x_wconf 80' lang='grc' dir='ltr'>δ’</span> <span class='ocrx_word' id='word_1_182' title='bbox 965 2384 1078 2475; x_wconf 74' lang='grc' dir='ltr'><strong><em>ἥρωας</em></strong></span> <span class='ocrx_word' id='word_1_183' title='bbox 1095 2382 1265 2469; x_wconf 78' lang='grc' dir='ltr'><strong><em>Ἀχαιούς·</em></strong></span> 
     </span>
    </p>

    <p class='ocr_par' dir='ltr' id='par_1_6' title="bbox 439 2488 1387 2582">
     <span class='ocr_line' id='line_1_21' title="bbox 439 2488 1387 2582; baseline -0.002 -21"><span class='ocrx_word' id='word_1_184' title='bbox 439 2490 498 2561; x_wconf 87' lang='grc' dir='ltr'><strong><em>καί</em></strong></span> <span class='ocrx_word' id='word_1_185' title='bbox 517 2490 543 2581; x_wconf 79' lang='grc' dir='ltr'>ῤ’</span> <span class='ocrx_word' id='word_1_186' title='bbox 569 2495 664 2582; x_wconf 77' lang='grc' dir='ltr'><strong><em>οἵπερ</em></strong></span> <span class='ocrx_word' id='word_1_187' title='bbox 685 2494 723 2563; x_wconf 88' lang='grc' dir='ltr'>τὸ</span> <span class='ocrx_word' id='word_1_188' title='bbox 745 2490 855 2582; x_wconf 86' lang='grc' dir='ltr'><strong><em>πάρος</em></strong></span> <span class='ocrx_word' id='word_1_189' title='bbox 877 2519 913 2582; x_wconf 75' lang='grc' dir='ltr'><strong><em>γε</em></strong></span> <span class='ocrx_word' id='word_1_190' title='bbox 933 2498 1015 2561; x_wconf 81' lang='grc' dir='ltr'><strong><em>νεῶν</em></strong></span> <span class='ocrx_word' id='word_1_191' title='bbox 1037 2492 1072 2560; x_wconf 75' lang='grc' dir='ltr'><strong><em>ἐν</em></strong></span> <span class='ocrx_word' id='word_1_192' title='bbox 1092 2488 1197 2580; x_wconf 77' lang='grc' dir='ltr'><strong><em>ἀγῶνι</em></strong></span> <span class='ocrx_word' id='word_1_193' title='bbox 1217 2493 1387 2580; x_wconf 82' lang='grc' dir='ltr'><strong><em>μένεσκον,</em></strong></span> 
     </span>
    </p>

    <p class='ocr_par' dir='ltr' id='par_1_7' title="bbox 441 2596 1143 2692">
     <span class='ocr_line' id='line_1_22' title="bbox 441 2596 1143 2692; baseline -0.003 -23"><span class='ocrx_word' id='word_1_194' title='bbox 441 2605 477 2669; x_wconf 80' lang='grc' dir='ltr'>οἵ</span> <span class='ocrx_word' id='word_1_195' title='bbox 493 2628 530 2670; x_wconf 88' lang='grc' dir='ltr'><strong><em>τε</em></strong></span> <span class='ocrx_word' id='word_1_196' title='bbox 551 2606 748 2692; x_wconf 75' lang='grc' dir='ltr'><strong><em>κυβερνῆται</em></strong></span> <span class='ocrx_word' id='word_1_197' title='bbox 770 2601 826 2669; x_wconf 86' lang='grc' dir='ltr'><strong><em>καί</em></strong></span> <span class='ocrx_word' id='word_1_198' title='bbox 843 2598 918 2684; x_wconf 54' lang='grc' dir='ltr'><strong><em>ἕλοι·</em></strong></span> <span class='ocrx_word' id='word_1_199' title='bbox 940 2596 1035 2692; x_wconf 74' lang='grc' dir='ltr'><strong><em>οἶηλα</em></strong></span> <span class='ocrx_word' id='word_1_200' title='bbox 1058 2607 1143 2691; x_wconf 80' lang='grc' dir='ltr'><strong><em>νηῶν</em></strong></span> 
     </span>
    </p>

    <p class='ocr_par' dir='ltr' id='par_1_8' title="bbox 358 2706 1531 3431">
     <span class='ocr_line' id='line_1_23' title="bbox 440 2706 1045 2801; baseline -0.002 -23"><span class='ocrx_word' id='word_1_201' title='bbox 440 2711 497 2778; x_wconf 83' lang='grc' dir='ltr'><strong><em>καὶ</em></strong></span> <span class='ocrx_word' id='word_1_202' title='bbox 517 2707 636 2797; x_wconf 89' lang='grc' dir='ltr'><strong><em>ταμίαι</em></strong></span> <span class='ocrx_word' id='word_1_203' title='bbox 655 2709 750 2796; x_wconf 83' lang='grc' dir='ltr'><strong><em>παρὰ</em></strong></span> <span class='ocrx_word' id='word_1_204' title='bbox 773 2709 884 2801; x_wconf 82' lang='grc' dir='ltr'><strong><em>νηυσὶν</em></strong></span> <span class='ocrx_word' id='word_1_205' title='bbox 906 2706 985 2777; x_wconf 74' lang='grc' dir='ltr'><strong><em>ἔσαν</em></strong></span> <span class='ocrx_word' id='word_1_206' title='bbox 1003 2710 1045 2764; x_wconf 66' lang='grc'>-’</span> 
     </span>
     <span class='ocr_line' id='line_1_24' title="bbox 358 2820 1531 2908; baseline -0.002 -19"><span class='ocrx_word' id='word_1_207' title='bbox 358 2824 421 2901; x_wconf 80' lang='lat' dir='ltr'>Qui</span> <span class='ocrx_word' id='word_1_208' title='bbox 435 2823 549 2889; x_wconf 91' lang='lat' dir='ltr'>harum</span> <span class='ocrx_word' id='word_1_209' title='bbox 562 2845 670 2889; x_wconf 91' lang='lat' dir='ltr'>rerum</span> <span class='ocrx_word' id='word_1_210' title='bbox 691 2820 840 2908; x_wconf 87' lang='lat' dir='ltr'>peritiam</span> <span class='ocrx_word' id='word_1_211' title='bbox 860 2843 1054 2905; x_wconf 84' lang='lat' dir='ltr'>sensumque</span> <span class='ocrx_word' id='word_1_212' title='bbox 1075 2821 1206 2901; x_wconf 87' lang='lat' dir='ltr'>babent,</span> <span class='ocrx_word' id='word_1_213' title='bbox 1227 2822 1339 2887; x_wconf 92' lang='lat' dir='ltr'>nolent</span> <span class='ocrx_word' id='word_1_214' title='bbox 1362 2821 1466 2886; x_wconf 89' lang='lat' dir='ltr'>dicere</span> <span class='ocrx_word' id='word_1_215' title='bbox 1487 2821 1531 2887; x_wconf 93' lang='lat' dir='ltr'>ad</span> 
     </span>
     <span class='ocr_line' id='line_1_25' title="bbox 359 2918 1530 3018; baseline -0.005 -23"><span class='ocrx_word' id='word_1_216' title='bbox 359 2930 448 2996; x_wconf 80' lang='grc' dir='ltr'><strong><em>οἵτε</em></strong></span> <span class='ocrx_word' id='word_1_217' title='bbox 469 2933 667 3018; x_wconf 79' lang='grc' dir='ltr'><strong><em>κυβερνῆται</em></strong></span> <span class='ocrx_word' id='word_1_218' title='bbox 688 2930 903 3016; x_wconf 91' lang='lat' dir='ltr'>supplendum</span> <span class='ocrx_word' id='word_1_219' title='bbox 926 2951 994 2995; x_wconf 89' lang='lat' dir='ltr'>esse</span> <span class='ocrx_word' id='word_1_220' title='bbox 1016 2918 1117 3016; x_wconf 74' lang='grc' dir='ltr'><strong><em>ἦσαν,</em></strong></span> <span class='ocrx_word' id='word_1_221' title='bbox 1150 2930 1207 2996; x_wconf 90' lang='lat' dir='ltr'>sed</span> <span class='ocrx_word' id='word_1_222' title='bbox 1228 2931 1428 3014; x_wconf 88' lang='lat' dir='ltr'>subsequens</span> <span class='ocrx_word' id='word_1_223' title='bbox 1450 2921 1530 2991; x_wconf 76' lang='grc' dir='ltr'><strong><em>ἔσαν</em></strong></span> 
     </span>
     <span class='ocr_line' id='line_1_26' title="bbox 359 3035 1529 3125; baseline -0.004 -22"><span class='ocrx_word' id='word_1_224' title='bbox 359 3040 470 3105; x_wconf 88' lang='lat' dir='ltr'>eodem</span> <span class='ocrx_word' id='word_1_225' title='bbox 486 3039 635 3125; x_wconf 81' lang='lat' dir='ltr'>pertinet,</span> <span class='ocrx_word' id='word_1_226' title='bbox 657 3060 852 3124; x_wconf 88' lang='lat' dir='ltr'>quamquam</span> <span class='ocrx_word' id='word_1_227' title='bbox 866 3039 1019 3121; x_wconf 86' lang='lat' dir='ltr'>abreptus</span> <span class='ocrx_word' id='word_1_228' title='bbox 1032 3040 1130 3122; x_wconf 87' lang='lat' dir='ltr'>poeta</span> <span class='ocrx_word' id='word_1_229' title='bbox 1152 3036 1359 3104; x_wconf 86' lang='lat' dir='ltr'>enumerandi</span> <span class='ocrx_word' id='word_1_230' title='bbox 1382 3039 1414 3100; x_wconf 86' lang='lat' dir='ltr'>et</span> <span class='ocrx_word' id='word_1_231' title='bbox 1434 3035 1529 3100; x_wconf 90' lang='lat' dir='ltr'>simul</span> 
     </span>
     <span class='ocr_line' id='line_1_27' title="bbox 358 3143 1530 3232; baseline -0.003 -22"><span class='ocrx_word' id='word_1_232' title='bbox 358 3146 513 3232; x_wconf 82' lang='lat' dir='ltr'>pingendi</span> <span class='ocrx_word' id='word_1_233' title='bbox 528 3147 641 3212; x_wconf 88' lang='lat' dir='ltr'>ardore</span> <span class='ocrx_word' id='word_1_234' title='bbox 655 3145 729 3212; x_wconf 92' lang='lat' dir='ltr'>illos</span> <span class='ocrx_word' id='word_1_235' title='bbox 751 3146 984 3231; x_wconf 83' lang='lat' dir='ltr'>gubernatores</span> <span class='ocrx_word' id='word_1_236' title='bbox 1005 3145 1109 3211; x_wconf 83' lang='lat' dir='ltr'>vivide</span> <span class='ocrx_word' id='word_1_237' title='bbox 1132 3145 1349 3230; x_wconf 80' lang='lat' dir='ltr'>descripturus</span> <span class='ocrx_word' id='word_1_238' title='bbox 1369 3143 1530 3209; x_wconf 88' lang='lat' dir='ltr'>interiecit</span> 
     </span>
     <span class='ocr_line' id='line_1_28' title="bbox 360 3245 1528 3340; baseline -0.003 -23"><span class='ocrx_word' id='word_1_239' title='bbox 360 3250 416 3318; x_wconf 82' lang='grc' dir='ltr'><strong><em>καί</em></strong></span> <span class='ocrx_word' id='word_1_240' title='bbox 437 3247 510 3333; x_wconf 54' lang='grc' dir='ltr'><strong><em>ἔλον</em></strong></span> <span class='ocrx_word' id='word_1_241' title='bbox 534 3246 629 3340; x_wconf 80' lang='grc' dir='ltr'><strong><em>οίηλα</em></strong></span> <span class='ocrx_word' id='word_1_242' title='bbox 649 3256 744 3340; x_wconf 80' lang='grc' dir='ltr'><strong><em>νηῶν,</em></strong></span> <span class='ocrx_word' id='word_1_243' title='bbox 768 3254 814 3318; x_wconf 91' lang='lat' dir='ltr'>ita</span> <span class='ocrx_word' id='word_1_244' title='bbox 834 3273 972 3339; x_wconf 81' lang='lat' dir='ltr'>pergens</span> <span class='ocrx_word' id='word_1_245' title='bbox 994 3253 1085 3338; x_wconf 88' lang='lat' dir='ltr'>quasi</span> <span class='ocrx_word' id='word_1_246' title='bbox 1108 3253 1241 3319; x_wconf 80' lang='lat' dir='ltr'>dixisset</span> <span class='ocrx_word' id='word_1_247' title='bbox 1262 3245 1395 3331; x_wconf 66' lang='grc' dir='ltr'><strong><em>ἓλςοντες.</em></strong></span> <span class='ocrx_word' id='word_1_248' title='bbox 1419 3287 1456 3298; x_wconf 86' lang='grc'><strong>-</strong></span> <span class='ocrx_word' id='word_1_249' title='bbox 1478 3248 1528 3315; x_wconf 89' lang='lat' dir='ltr'>De</span> 
     </span>
     <span class='ocr_line' id='line_1_29' title="bbox 364 3360 852 3431; baseline 0 -5"><span class='ocrx_word' id='word_1_250' title='bbox 364 3363 393 3426; x_wconf 84' lang='grc' dir='ltr'>Θ</span> <span class='ocrx_word' id='word_1_251' title='bbox 413 3367 473 3431; x_wconf 79' lang='lat'>230</span> <span class='ocrx_word' id='word_1_252' title='bbox 496 3365 560 3427; x_wconf 89' lang='lat' dir='ltr'>stat</span> <span class='ocrx_word' id='word_1_253' title='bbox 576 3360 656 3427; x_wconf 91' lang='lat' dir='ltr'>mihi</span> <span class='ocrx_word' id='word_1_254' title='bbox 679 3361 852 3427; x_wconf 88' lang='lat' dir='ltr'>sententia:</span> 
     </span>
    </p>

    <p class='ocr_par' dir='ltr' id='par_1_9' title="bbox 442 3457 1322 3558">
     <span class='ocr_line' id='line_1_30' title="bbox 442 3457 1322 3558; baseline -0.002 -26"><span class='ocrx_word' id='word_1_255' title='bbox 442 3472 491 3558; x_wconf 81' lang='grc' dir='ltr'>πῇ</span> <span class='ocrx_word' id='word_1_256' title='bbox 512 3462 593 3552; x_wconf 76' lang='grc' dir='ltr'><strong><em>ἔβαν</em></strong></span> <span class='ocrx_word' id='word_1_257' title='bbox 614 3461 765 3549; x_wconf 79' lang='grc' dir='ltr'><strong><em>εὐχωλαί,</em></strong></span> <span class='ocrx_word' id='word_1_258' title='bbox 792 3464 848 3534; x_wconf 85' lang='grc' dir='ltr'><strong><em>ὅτε</em></strong></span> <span class='ocrx_word' id='word_1_259' title='bbox 870 3465 911 3556; x_wconf 83' lang='grc' dir='ltr'>δὴ</span> <span class='ocrx_word' id='word_1_260' title='bbox 936 3466 1046 3557; x_wconf 83' lang='grc' dir='ltr'><strong><em>φάμεν</em></strong></span> <span class='ocrx_word' id='word_1_261' title='bbox 1067 3457 1152 3533; x_wconf 83' lang='grc' dir='ltr'><strong><em>εἶναι</em></strong></span> <span class='ocrx_word' id='word_1_262' title='bbox 1174 3459 1322 3551; x_wconf 59' lang='lat' dir='ltr'>daretem</span> 
     </span>
    </p>

    <p class='ocr_par' dir='ltr' id='par_1_10' title="bbox 359 3568 1532 3987">
     <span class='ocr_line' id='line_1_31' title="bbox 442 3568 1269 3664; baseline 0 -23"><span class='ocrx_word' id='word_1_263' title='bbox 442 3573 492 3656; x_wconf 84' lang='grc' dir='ltr'><strong><em>δίς,</em></strong></span> <span class='ocrx_word' id='word_1_264' title='bbox 517 3568 612 3642; x_wconf 75' lang='grc' dir='ltr'><strong><em>ὁπότ’</em></strong></span> <span class='ocrx_word' id='word_1_265' title='bbox 636 3572 671 3641; x_wconf 69' lang='grc' dir='ltr'><strong><em>ἐν</em></strong></span> <span class='ocrx_word' id='word_1_266' title='bbox 691 3571 834 3664; x_wconf 79' lang='grc' dir='ltr'><strong><em>Λήμνῳ,</em></strong></span> <span class='ocrx_word' id='word_1_267' title='bbox 859 3572 1046 3659; x_wconf 83' lang='grc' dir='ltr'><strong><em>κενεαυχέες</em></strong></span> <span class='ocrx_word' id='word_1_268' title='bbox 1065 3569 1269 3663; x_wconf 74' lang='grc' dir='ltr'><strong><em>ἠγοράασθε.</em></strong></span> 
     </span>
     <span class='ocr_line' id='line_1_32' title="bbox 359 3674 1528 3772; baseline -0.004 -21"><span class='ocrx_word' id='word_1_269' title='bbox 359 3684 542 3752; x_wconf 85' lang='lat' dir='ltr'>Verisimile</span> <span class='ocrx_word' id='word_1_270' title='bbox 568 3689 618 3750; x_wconf 90' lang='lat' dir='ltr'>est</span> <span class='ocrx_word' id='word_1_271' title='bbox 638 3685 861 3752; x_wconf 84' lang='lat' dir='ltr'>Aristarchum</span> <span class='ocrx_word' id='word_1_272' title='bbox 882 3678 1079 3772; x_wconf 71' lang='grc' dir='ltr'><strong><em>ἠγοράασθε</em></strong></span> <span class='ocrx_word' id='word_1_273' title='bbox 1100 3683 1289 3770; x_wconf 86' lang='lat' dir='ltr'>explicuisse</span> <span class='ocrx_word' id='word_1_274' title='bbox 1311 3674 1528 3768; x_wconf 83' lang='grc' dir='ltr'><strong><em>ἠθροίζεσθε,</em></strong></span> 
     </span>
     <span class='ocr_line' id='line_1_33' title="bbox 360 3782 1531 3879; baseline 0 -21"><span class='ocrx_word' id='word_1_275' title='bbox 360 3797 397 3858; x_wconf 92' lang='lat' dir='ltr'>ut</span> <span class='ocrx_word' id='word_1_276' title='bbox 423 3791 576 3877; x_wconf 83' lang='lat' dir='ltr'>explicuit</span> <span class='ocrx_word' id='word_1_277' title='bbox 604 3785 636 3856; x_wconf 85' lang='grc' dir='ltr'>σί</span> <span class='ocrx_word' id='word_1_278' title='bbox 663 3787 700 3857; x_wconf 79' lang='grc' dir='ltr'>δὲ</span> <span class='ocrx_word' id='word_1_279' title='bbox 724 3789 805 3857; x_wconf 83' lang='grc' dir='ltr'><strong><em>θεοί</em></strong></span> <span class='ocrx_word' id='word_1_280' title='bbox 828 3790 899 3875; x_wconf 87' lang='grc' dir='ltr'>πὰρ</span> <span class='ocrx_word' id='word_1_281' title='bbox 921 3790 1002 3879; x_wconf 88' lang='grc' dir='ltr'><strong><em>Ζηνί</em></strong></span> <span class='ocrx_word' id='word_1_282' title='bbox 1025 3787 1217 3879; x_wconf 74' lang='grc' dir='ltr'><strong><em>καθήμενοι</em></strong></span> <span class='ocrx_word' id='word_1_283' title='bbox 1238 3782 1428 3878; x_wconf 71' lang='grc' dir='ltr'><strong><em>ἠγορόωντο</em></strong></span> <span class='ocrx_word' id='word_1_284' title='bbox 1450 3791 1482 3853; x_wconf 72' lang='grc' dir='ltr'><em>Δ</em></span> <span class='ocrx_word' id='word_1_285' title='bbox 1505 3799 1531 3867; x_wconf 85' lang='grc'>1,</span> 
     </span>
     <span class='ocr_line' id='line_1_34' title="bbox 360 3893 1532 3987; baseline -0.003 -22"><span class='ocrx_word' id='word_1_286' title='bbox 360 3900 417 3966; x_wconf 89' lang='lat' dir='ltr'>ubi</span> <span class='ocrx_word' id='word_1_287' title='bbox 442 3901 513 3966; x_wconf 86' lang='lat' dir='ltr'>vide</span> <span class='ocrx_word' id='word_1_288' title='bbox 535 3900 757 3987; x_wconf 86' lang='lat' dir='ltr'>Porphyrium.</span> <span class='ocrx_word' id='word_1_289' title='bbox 798 3901 889 3987; x_wconf 82' lang='lat' dir='ltr'>Ergo</span> <span class='ocrx_word' id='word_1_290' title='bbox 910 3901 945 3965; x_wconf 90' lang='lat' dir='ltr'>in</span> <span class='ocrx_word' id='word_1_291' title='bbox 967 3893 1061 3966; x_wconf 86' lang='grc' dir='ltr'><strong><em>ὁπότ’</em></strong></span> <span class='ocrx_word' id='word_1_292' title='bbox 1086 3896 1121 3964; x_wconf 83' lang='grc' dir='ltr'><strong><em>ἑν</em></strong></span> <span class='ocrx_word' id='word_1_293' title='bbox 1140 3894 1271 3987; x_wconf 77' lang='grc' dir='ltr'><strong><em>Λήμνῳ</em></strong></span> <span class='ocrx_word' id='word_1_294' title='bbox 1293 3898 1449 3964; x_wconf 89' lang='lat' dir='ltr'>omissum</span> <span class='ocrx_word' id='word_1_295' title='bbox 1470 3898 1532 3963; x_wconf 90' lang='lat' dir='ltr'>erit</span> 
     </span>
    </p>

    <p class='ocr_par' dir='ltr' id='par_1_11' title="bbox 427 4091 1282 4171">
     <span class='ocr_line' id='line_1_35' title="bbox 427 4091 1282 4171; baseline -0.001 -16"><span class='ocrx_word' id='word_1_296' title='bbox 427 4102 465 4144; x_wconf 77' lang='lat'>²⁶⁸</span> <span class='ocrx_word' id='word_1_297' title='bbox 482 4102 512 4155; x_wconf 88' lang='lat' dir='ltr'><strong><em>N</em></strong></span> <span class='ocrx_word' id='word_1_298' title='bbox 529 4105 578 4157; x_wconf 81' lang='lat'>622</span> <span class='ocrx_word' id='word_1_299' title='bbox 601 4103 698 4170; x_wconf 81' lang='grc' dir='ltr'><strong><em>Τρῶες</em></strong></span> <span class='ocrx_word' id='word_1_300' title='bbox 714 4094 897 4171; x_wconf 74' lang='grc' dir='ltr'><strong><em>ὑπερφίαλοι,</em></strong></span> <span class='ocrx_word' id='word_1_301' title='bbox 916 4102 1011 4170; x_wconf 79' lang='grc' dir='ltr'><strong><em>δεινῆς</em></strong></span> <span class='ocrx_word' id='word_1_302' title='bbox 1028 4092 1168 4171; x_wconf 76' lang='grc' dir='ltr'><strong><em>ἀκόρητοι</em></strong></span> <span class='ocrx_word' id='word_1_303' title='bbox 1187 4091 1282 4169; x_wconf 78' lang='grc' dir='ltr'><strong><em>ἀϋτῆς,</em></strong></span> 
     </span>
    </p>

    <p class='ocr_par' dir='ltr' id='par_1_12' title="bbox 598 4175 1363 4255">
     <span class='ocr_line' id='line_1_36' title="bbox 598 4175 1363 4255; baseline -0.003 -15"><span class='ocrx_word' id='word_1_304' title='bbox 598 4182 685 4255; x_wconf 74' lang='grc' dir='ltr'><strong><em>ἄλλης</em></strong></span> <span class='ocrx_word' id='word_1_305' title='bbox 700 4183 757 4253; x_wconf 75' lang='grc' dir='ltr'><strong><em>μὲν</em></strong></span> <span class='ocrx_word' id='word_1_306' title='bbox 773 4176 867 4255; x_wconf 81' lang='grc' dir='ltr'><strong><em>λώβης</em></strong></span> <span class='ocrx_word' id='word_1_307' title='bbox 884 4200 917 4239; x_wconf 84' lang='grc' dir='ltr'><strong><em>τε</em></strong></span> <span class='ocrx_word' id='word_1_308' title='bbox 935 4186 985 4238; x_wconf 78' lang='grc' dir='ltr'><strong><em>καὶ</em></strong></span> <span class='ocrx_word' id='word_1_309' title='bbox 1002 4180 1121 4255; x_wconf 85' lang='grc' dir='ltr'><strong><em>αίσχεσς</em></strong></span> <span class='ocrx_word' id='word_1_310' title='bbox 1138 4175 1193 4241; x_wconf 78' lang='lat' dir='ltr'>cix</span> <span class='ocrx_word' id='word_1_311' title='bbox 1210 4184 1363 4246; x_wconf 76' lang='grc' dir='ltr'><strong><em>ἐπιδευεῖς,</em></strong></span> 
     </span>
    </p>
   </div>
   <div class='ocr_carea' id='block_1_3' title="bbox 359 4260 1120 4426">
    <p class='ocr_par' dir='ltr' id='par_1_13' title="bbox 359 4260 1120 4426">
     <span class='ocr_line' id='line_1_37' title="bbox 597 4260 1120 4340; baseline -0.008 -13"><span class='ocrx_word' id='word_1_312' title='bbox 597 4260 631 4338; x_wconf 74' lang='grc' dir='ltr'><strong><em>ἣν</em></strong></span> <span class='ocrx_word' id='word_1_313' title='bbox 648 4265 700 4337; x_wconf 77' lang='grc' dir='ltr'>ἐμὲ</span> <span class='ocrx_word' id='word_1_314' title='bbox 719 4270 903 4340; x_wconf 79' lang='grc' dir='ltr'><strong><em>λωβήσασθε,</em></strong></span> <span class='ocrx_word' id='word_1_315' title='bbox 922 4270 1010 4323; x_wconf 80' lang='grc' dir='ltr'><strong><em>κακαί</em></strong></span> <span class='ocrx_word' id='word_1_316' title='bbox 1027 4268 1120 4332; x_wconf 81' lang='grc' dir='ltr'><strong><em>κύνες.</em></strong></span> 
     </span>
     <span class='ocr_line' id='line_1_38' title="bbox 359 4349 1052 4426; baseline -0.004 -17"><span class='ocrx_word' id='word_1_317' title='bbox 359 4354 436 4409; x_wconf 86' lang='lat' dir='ltr'>Nihil</span> <span class='ocrx_word' id='word_1_318' title='bbox 452 4352 638 4426; x_wconf 84' lang='lat' dir='ltr'>supplendum</span> <span class='ocrx_word' id='word_1_319' title='bbox 643 4373 651 4420; x_wconf 91' lang='lat'>;</span> <span class='ocrx_word' id='word_1_320' title='bbox 669 4349 821 4425; x_wconf 43' lang='grc' dir='ltr'>νἐπιδευεῖς</span> <span class='ocrx_word' id='word_1_321' title='bbox 837 4351 982 4409; x_wconf 78' lang='lat' dir='ltr'>vocativus</span> <span class='ocrx_word' id='word_1_322' title='bbox 1000 4354 1052 4407; x_wconf 87' lang='lat' dir='ltr'>est.</span> 
     </span>
    </p>
   </div>
   <div class='ocr_carea' id='block_1_4' title="bbox 0 0 1726 4934">
    <p class='ocr_par' dir='ltr' id='par_1_14' title="bbox 0 0 1726 4934">
     <span class='ocr_line' id='line_1_39' title="bbox 0 0 1726 4934; baseline 0 0"><span class='ocrx_word' id='word_1_323' title='bbox 0 0 1726 4934; x_wconf 95' lang='lat' dir='ltr'> </span> 
     </span>
    </p>
   </div>
  </div>
 </body>
</html>
