3425 4934
272 1209 326 1280 (⁴2)

288 1309 320 1359 ao

267 3614 322 3685 (⁴3)

283 4374 315 4424 36

719 1204 1022 1321 Dissertatio
1059 1207 1120 1320 Π.

393 1432 461 1514 De
489 1432 755 1515 Aristarchea
791 1433 1096 1516 vocabulorum
1127 1433 1451 1516 Homericorum

746 1573 1101 1681 interpretatione.

868 1923 910 1999 Ο.
938 1925 966 2000 Ι.

336 2105 517 2193 seponere
538 2108 616 2194 qaid
635 2121 707 2173 aute
720 2106 943 2171 Arutaratam
961 2109 996 2170 cic
1015 2106 1233 2172 vocabulorum
1253 2110 1508 2192 stumpretatatne

373 2217 585 2301 qrammatz'ca
604 2215 797 2302 praestitum
820 2213 976 2279 videatur.
1022 2214 1063 2279 [u
1089 2214 1214 2279 meatus
1239 2215 1416 2279 Hornm'cae
1434 2215 1506 2280 adlu-

375 2322 518 2387 atraudcls
536 2346 596 2387 nou
624 2323 757 2389 multrare
786 2335 882 2387 actea
897 2321 1086 2408 profectum.
1132 2322 1201 2401 Quo
1228 2324 1330 2408 mapc'c
1350 2322 1507 2408 quaedum

376 2429 561 2495 Aristarchi
578 2431 656 2516 (qui
670 2431 814 2495 macheras
832 2430 914 2495 dunc
935 2431 1035 2495 domem
1065 2453 1183 2517 eqrcyee
1210 2430 1374 2514 tractavi)
1396 2430 1506 2495 coado-

376 2538 486 2603 uaudu
501 2552 645 2624 peccata.
688 2537 790 2603 Error
809 2541 843 2604 eie
864 2539 1012 2605 uocabulo
1033 2531 1151 2619 διερός.

418 2741 438 2825 ἐ
463 2748 489 2807 1.
523 2739 647 2805 Doctae
669 2743 907 2824 mutataeque,
929 2759 1012 2823 quae
1031 2737 1117 2822 apud
1138 2737 1374 2804 Alexandrinos
1395 2737 1505 2818 valuit,

335 2847 536 2932 poeticorum
560 2845 790 2912 uocabulorum
818 2846 1077 2930 interpretationi
1098 2846 1125 2911 si
1147 2846 1274 2930 quaeris
1296 2846 1505 2930 quemadmo-

336 2954 412 3020 dum
426 2953 587 3040 prioribus
601 2953 737 3020 saeculis
750 2953 936 3039 praelusum
949 2953 1055 3033 fuerit,
1075 2957 1142 3019 tam
1156 2954 1208 3020 vel
1227 2953 1322 3019 exilia
1335 2953 1387 3020 vel
1407 2977 1505 3039 praua

335 3063 505 3129 conamina
529 3063 681 3149 reperies,
707 3068 745 3129 ut
764 3062 843 3128 haec
864 3066 935 3128 tota
952 3061 1023 3127 laus
1044 3061 1111 3127 fere
1132 3063 1261 3148 integra
1281 3063 1505 3129 Alexandrinis

333 3171 509 3258 philologis
535 3170 746 3255 relinquenda
772 3170 926 3236 videatur.
972 3168 1018 3234 let
1043 3169 1335 3255 circumspicientes
1361 3174 1504 3236 veterum

333 3279 491 3357 instituta,
506 3278 590 3344 unde
601 3278 724 3363 aliquid
739 3276 896 3343 eiusmodi
907 3276 1006 3341 videri
1020 3277 1125 3363 possit
1137 3299 1352 3362 promanasse,
1365 3278 1504 3364 primum

335 3386 481 3452 ducimur
501 3386 542 3451 ad
562 3385 672 3451 ludos
694 3385 929 3465 litterarum,
955 3384 1073 3469 quibus
1094 3385 1272 3452 Homerum
1293 3389 1327 3451 et
1348 3386 1505 3471 quosdam

334 3493 413 3560 alios
428 3496 541 3579 poetas
554 3495 595 3577 (v.
605 3492 794 3578 Bernhardy
808 3496 889 3577 synt.
904 3515 936 3576 p.
948 3494 980 3575 4)
996 3513 1069 3557 cnm
1082 3494 1190 3577 pueris
1205 3498 1335 3559 strenue
1349 3495 1504 3558 tractatos

335 3623 404 3667 esse
426 3601 614 3686 accepimus.
655 3599 750 3679 Quod
771 3600 841 3665 sine
862 3600 1034 3665 verborum
1054 3600 1294 3667 reconditorum
1313 3602 1504 3685 interpreta-

331 3709 421 3775 tione
447 3709 533 3775 haud
559 3709 731 3793 procedere
757 3707 903 3793 potuisse
929 3728 1002 3772 cum
1028 3730 1079 3773 res
1100 3708 1171 3794 ipsa
1190 3708 1343 3794 loquatur
1363 3713 1433 3773 tum
1454 3708 1503 3774 lo-

332 3818 458 3902 cuplete
482 3820 565 3882 teste
591 3816 817 3903 cognovimus,
847 3815 910 3881 hoc
940 3816 1045 3881 bonae
1076 3816 1263 3902 priscaeque
1289 3816 1503 3882 institutionis

331 3924 444 4003 fuisse,
474 3924 600 4011 glossas
629 3922 818 3990 Homericae
849 3927 887 3989 ut
914 3923 1005 4007 pueri
1032 3923 1259 4009 intelligerent
1301 3923 1381 4003 Quis
1406 3923 1503 3989 hodie

332 4033 435 4098 nescit
452 4031 678 4116 Aristophanis
696 4029 848 4109 fabulam,
868 4030 902 4094 in
924 4053 989 4115 qua
1010 4031 1111 4097 civem
1125 4032 1357 4098 Atheniensem
1376 4032 1505 4097 induxit

332 4162 406 4205 cum
432 4140 558 4206 duobus
586 4139 675 4220 filiis,
704 4161 769 4204 uno
791 4137 886 4203 bonis
908 4137 1083 4223 probisque
1104 4139 1262 4205 maiorum
1281 4139 1426 4205 moribus
1449 4139 1502 4204 ed-

332 4248 552 4326 haerescente‚
575 4247 676 4313 altero
698 4269 799 4312 norae
821 4244 1008 4329 disciplinae
1029 4246 1189 4311 illecebris
1210 4251 1371 4330 corrupto.
1407 4246 1503 4312 Hunc

333 4360 371 4420 ut
391 4355 560 4421 convincat
580 4359 672 4439 pater
693 4354 911 4439 sophistarum
934 4352 1165 4438 rhetorumque
1188 4353 1390 4438 disciplinam
1413 4354 1503 4420 dete·
