3425 4934
335 347 358 397 t.
381 340 423 395 De
439 338 575 410 perversis
593 338 812 411 chorographiae
828 338 910 395 Hom.
926 336 1213 409 interpretationibus.
1296 343 1357 408 235

189 500 277 571 όλλα
297 500 444 587 ἀλλαχοῦ
464 500 733 594 μνημονευόμενα
754 499 945 594 ἠθροίζετο,
966 499 1104 593 ἢαότδν
1122 502 1357 589 Πεισίστρατον

189 608 213 701 ἢ
232 617 298 678 τῶν
317 637 393 679 τινα
414 610 552 699 ἑταίρων
572 618 801 702 μεταποιῆσαι
821 612 860 680 τὸ
882 607 990 696 όνομα
1003 609 1070 680 όπδ
1087 607 1232 699 ἀγνοίας.
1264 613 1358 694 Quod

188 723 295 807 ipsum
316 723 442 788 videtur
462 722 503 787 ab
524 723 618 788 istius
639 722 750 808 anguli
771 726 973 811 mystagogia
995 723 1164 809 accepisse.

271 829 425 896 Ridemus
446 830 526 895 haec
547 833 581 895 et
602 831 758 916 quidquid
778 832 951 898 multitudo
972 830 1087 897 harum
1108 851 1267 915 nugarum
1288 851 1359 894 mo·

188 939 247 1005 lita
267 942 317 1005 est
337 938 600 1005 condonabimus.
636 936 700 1004 Sed
720 939 805 1004 inter
827 939 939 1005 doctos
961 938 1174 1025 geographos,
1197 958 1279 1022 quae
1301 958 1359 1000 na·

189 1047 236 1112 tio
258 1048 343 1134 apud
358 1046 495 1113 Graecos
517 1045 741 1132 antiquissima
762 1050 818 1125 est,
839 1047 906 1113 fere
929 1046 1038 1113 nullus
1059 1050 1128 1111 erat
1148 1044 1227 1130 quin
1244 1043 1359 1109 iisdem

191 1155 351 1220 erroribus
373 1176 407 1220 se
428 1154 576 1232 irretiret,
597 1153 663 1218 sive
684 1153 825 1240 partium
847 1155 956 1220 studio
979 1154 1186 1231 ducebantur,
1207 1152 1274 1216 sive
1288 1150 1358 1218 Ho-

190 1283 313 1328 merum
335 1261 438 1327 omnis
459 1261 582 1327 scilicet
603 1262 766 1327 doctrinae
788 1262 966 1348 principem
987 1260 1077 1327 nullu
1094 1260 1129 1325 in
1143 1281 1178 1325 re
1193 1281 1212 1325 a
1225 1258 1360 1326 veritate

190 1368 336 1436 aberrare
363 1369 529 1448 volebant,
551 1368 729 1450 (veritatem
756 1373 865 1436 autem
891 1392 930 1435 ex
955 1369 1005 1435 sui
1026 1368 1181 1452 temporis
1202 1370 1289 1433 statu
1308 1366 1360 1432 vel

191 1499 229 1542 ex
249 1476 367 1542 fabulis
388 1476 555 1543 tralaticiis
577 1476 814 1560 metiebantur).
851 1475 930 1543 Inde
951 1476 1014 1561 ipsi
1038 1479 1071 1541 et
1091 1496 1239 1563 perverse
1259 1474 1359 1541 inter-

189 1584 309 1670 pretari
329 1584 507 1650 Homerum
535 1589 568 1650 et
593 1584 894 1670 interpretationem
916 1585 1122 1670 desperantes
1143 1586 1267 1649 textum
1288 1606 1361 1649 mu·

189 1696 257 1758 tare
280 1693 321 1757 ad
340 1691 517 1758 arbitrium
559 1690 740 1757 Producam
760 1692 919 1777 quosdam
938 1691 1034 1758 huius
1056 1690 1172 1776 culpae
1185 1689 1360 1759 convictos.

189 1799 239 1865 De
259 1798 463 1865 Hellanioo
492 1798 597 1866 Strab.
622 1795 699 1864 ΧΠ]
724 1822 756 1885 p.
786 1806 848 1867 602
866 1793 1060 1876 Ἑλλάνικος
1086 1794 1123 1863 δὲ
1146 1793 1362 1885 χαριζόμενος

188 1909 258 1982 τοῖς
276 1898 436 1984 Ἰλιεῦσιν,
462 1895 533 1983 οἷος
555 1900 682 1971 ἐκείνου
701 1900 824 1989 θυμός,
847 1908 1020 1993 σονηγορεί
1033 1904 1070 1971 τὸ
1085 1904 1144 1993 τὴν
1159 1899 1262 1993 αὐτὴν
1276 1895 1362 1971 εἶναι

189 2009 293 2079 πόλιν
312 2012 373 2100 τὴν
393 2017 449 2078 νῦν
468 2015 507 2104 τῇ
522 2008 606 2080 τότε.
638 2014 825 2081 Eudoxus
842 2016 985 2080 inversu
1000 2014 1119 2081 Iliados
1133 2018 1163 2078 Β
1178 2020 1238 2085 850
1250 2007 1361 2095 Ἀξιοῦ

190 2108 230 2184 οὗ
245 2118 420 2187 κάλλιπον
435 2117 524 2204 όδωρ
539 2116 754 2187 ἐπικίδναται
769 2111 846 2186 clav
860 2122 970 2209 legere
986 2122 1144 2188 maluerat
1152 2112 1227 2186 Aia
1242 2121 1360 2204 (Strab.

190 2227 252 2294 VH
273 2234 343 2298 330.
365 2230 431 2298 sch.
453 2228 473 2292 λ
495 2236 565 2299 239.
586 2230 625 2296 of.
649 2228 760 2315 Staph.
782 2229 820 2295 Β.
842 2252 867 2295 s.
890 2231 941 2312 u).
984 2228 1165 2314 Ephorus
1187 2230 1256 2316 (qui
1275 2230 1361 2296 cim-

191 2337 308 2403 merios
334 2358 407 2402 cum
433 2337 551 2403 accolis
576 2338 617 2403 ad
644 2337 750 2403 lacum
777 2338 941 2404 Avernum
966 2336 1121 2422 ponebat,
1148 2336 1211 2404 Str.
1232 2337 1263 2404 V
1288 2341 1361 2423 244)

191 2467 248 2530 pro
270 2445 457 2511 Absonibus
479 2448 509 2508 Β
531 2450 590 2512 856
613 2446 793 2511 Amazones
815 2444 951 2525 induxit,
971 2444 1034 2510 hoc
1053 2445 1174 2511 scilicet
1194 2446 1305 2512 modo:

293 2545 396 2636 αὐτὰρ
416 2544 616 2634 Ἀμαζόνων
635 2545 753 2629 Ὀδίος
774 2549 832 2617 καὶ
849 2545 1071 2638 Ἐπίστροφος
1092 2541 1202 2638 ἦρχον,

191 2666 318 2727 strenue
340 2660 435 2726 simul
456 2683 582 2727 versum
604 2660 854 2745 subsequentem
876 2660 1107 2726 bansformans
1129 2683 1168 2726 ex
1372 2674 1443 2745 (ιιι)

291 2765 433 2854 τηλόθεν
455 2763 493 2848 ἐξ
507 2760 651 2854 Ἀλύβης
671 2763 756 2834 ὅθεν
777 2760 920 2853 ἀργύρου
942 2763 1011 2833 ἐστὶ
1032 2764 1174 2857 γενέθλη

191 2900 224 2943 1n

293 2976 425 3049 ἐλθόντ’
448 2980 485 3063 ἐξ
493 2976 641 3071 Ἀλόπης
661 2977 700 3048 ἵν>
724 2977 797 3071 (ὅθ’
814 2984 905 3068 libri>
924 2976 1154 3066 Ἀμαζονίδων
1171 2980 1265 3068 γένος
1285 2979 1362 3050 ἐστί.

190 3092 295 3170 Quam
315 3114 436 3158 meram
460 3093 677 3158 coniecturam
705 3115 775 3158 esse
802 3093 830 3157 si
856 3092 928 3176 quis
956 3091 1039 3157 forte
1066 3093 1193 3158 dubitat
1212 3096 1302 3179 patet
1323 3115 1362 3158 ex

190 3208 332 3278 auctore,
359 3201 415 3285 qui
435 3199 552 3266 Strabo
575 3203 624 3266 est
644 3198 705 3265 XII
724 3223 756 3284 p.
772 3207 842 3267 550.
881 3197 919 3263 ln
941 3200 1051 3265 eadem
1073 3200 1166 3286 culpa
1186 3201 1359 3267 Alexandri
1378 3212 1427 3265 239

191 3312 267 3373 sunt
291 3307 425 3374 comites
452 3311 485 3372 et
509 3327 565 3372 rex
584 3308 654 3393 ipse
675 3308 717 3373 ad
737 3306 967 3393 praecidendos
989 3308 1091 3374 nodos
1114 3331 1210 3393 quam
1234 3309 1275 3374 ad
1297 3309 1361 3376 dis·

191 3414 361 3481 solvendos
390 3414 542 3500 paratior.
590 3414 654 3492 Qui
675 3437 748 3481 cum
776 3416 816 3481 ad
837 3415 909 3481 illas
940 3414 1055 3481 Troiae
1084 3416 1246 3503 Asiaeque
1279 3438 1359 3494 oras,

191 3522 276 3588 unde
290 3521 439 3589 Troianis
461 3521 566 3588 socios
587 3522 712 3589 venisse
733 3527 831 3608 poeta
852 3524 906 3601 ait,
929 3524 1138 3590 accessissent
1152 3546 1270 3611 easque
1287 3547 1360 3609 per·

191 3634 405 3710 conterentur,
426 3630 501 3696 hinc
523 3629 665 3714 aliquem
685 3630 825 3698 fructum
839 3631 992 3711 Homero,
1014 3633 1071 3717 qui
1090 3633 1162 3719 regi
1182 3633 1216 3698 in
1238 3632 1360 3699 deliciis

191 3743 267 3818 erat,
289 3739 440 3805 exsistere
462 3738 578 3805 debere
599 3739 766 3823 putabant
809 3739 970 3824 Equidem
992 3741 1247 3827 quotiescunque
1269 3740 1360 3806 illum

190 3846 359 3913 Strabonis
379 3846 488 3913 locum
510 3847 631 3928 evolvo,
655 3869 720 3932 quo
743 3847 781 3912 de
804 3846 945 3914 editione
968 3843 1005 3911 ἐκ
1025 3851 1085 3914 τοῦ
1104 3841 1274 3936 νάρθηκος
1294 3852 1360 3916 ret

188 3955 274 4037 tulit,
295 3977 362 4021 non
383 3955 534 4022 contineo
555 3978 608 4021 me
626 3955 706 4042 quin
720 3954 798 4021 talia
812 3956 971 4040 quaedam
983 3960 1095 4041 putem
1109 3957 1143 4023 in
1156 3957 1239 4024 illud
1253 3981 1360 4024 exem·

188 4063 259 4149 plar
285 4063 417 4130 inducta
443 4086 522 4131 esse.
569 4058 712 4149 Φέρεται
737 4065 817 4146 γοῦν
841 4086 894 4141 τις
921 4056 1106 4146 διόρθωσις
1129 4067 1190 4151 τῆς
1211 4058 1360 4152 Ὁμήρου

189 4163 359 4259 ποιήσεως
386 4164 407 4257 ἡ
437 4167 474 4235 ἐκ
498 4173 558 4236 τοῦ
579 4165 749 4258 νάρθηκος
770 4167 939 4260 λεγομένη,
962 4174 1020 4237 τοῦ
1037 4164 1256 4256 Ἀλεξάνδρου
1277 4170 1361 4255 μετὰ

188 4281 254 4344 τῶν
279 4274 358 4364 περὶ
379 4273 596 4366 Καλλισθένη
618 4276 676 4344 καί
694 4272 895 4364 Ἀνάξαρχον
919 4272 1125 4358 ἐπελθόντος
1144 4276 1201 4345 καί
1218 4300 1361 4368 σημειω·

188 4384 333 4470 σαμένου
354 4383 438 4466 τινό,
464 4381 581 4455 ἔπειτα
602 4384 809 4467 καταθέντος
830 4382 878 4467 είς
899 4382 1063 4475 νάρθηκα,
1088 4378 1126 4453 δν
1145 4375 1243 4476 ηὗρεν
1264 4385 1300 4454 ἐν
1319 4392 1360 4480 τῇ
