3425 4934
359 338 420 404 206
542 330 590 391 IIL
613 329 655 390 De
672 331 826 390 Aristarchi
842 329 961 390 scientia
977 329 1154 403 antiquitatis
1171 327 1342 389 Homericae.

360 502 473 586 quidni
492 524 557 568 uua
579 524 652 566 cum
673 501 890 569 invalescente
911 504 1060 567 accurata
1080 499 1373 568 Alexandrinorum
1395 499 1531 564 scientia

360 608 570 694 diligentique
590 613 760 695 poetarum
780 610 1046 695 interpretatione
1067 608 1102 673 hi
1122 608 1212 674 lusus
1234 607 1351 674 abiecti
1371 605 1530 691 planeque

360 716 508 781 exstincti
522 717 596 781 sint
632 715 727 794 Quod
747 720 875 781 tantum
896 715 989 781 abest
1008 719 1045 780 ut
1064 715 1185 780 factum
1207 715 1257 793 sit,
1279 719 1317 779 ut
1338 717 1372 779 et
1389 712 1530 778 Alexan·

360 822 448 887 driae
473 824 591 888 retenti
616 825 809 909 tractatique
840 828 874 889 et
899 827 1013 908 postea
1035 821 1159 887 Romae
1187 820 1323 906 ahisque
1350 820 1531 886 studiorum

360 927 548 995 deversoriis
573 931 720 1017 gnaviter
745 931 824 997 culti
852 929 947 996 etad
972 929 1087 995 ultima
1112 928 1240 994 saecula
1263 928 1435 1014 propagati
1456 927 1530 993 sint

359 1035 424 1102 Sed
438 1034 550 1103 Graeci
566 1038 696 1122 quidem
709 1038 908 1125 grammatici
930 1037 1188 1124 praestantiores,
1210 1035 1321 1121 quales
1336 1034 1530 1112 Zenodotus,

359 1144 602 1229 Aristophanes,
619 1145 826 1212 Aristarchus
839 1144 979 1222 fuerunt,
1001 1165 1106 1228 neque
1121 1143 1270 1209 videntum
1283 1143 1363 1208 haec
1376 1142 1529 1228 pleraque

358 1250 392 1315 in
414 1252 661 1318 commentarios
683 1275 759 1318 suos
780 1254 948 1338 recepisse,
969 1272 1075 1334 neque
1094 1250 1175 1316 istos
1196 1251 1274 1317 artis
1300 1253 1430 1316 nostrae
1452 1271 1530 1315 cou-

359 1358 487 1432 ditores‚
510 1359 629 1444 quibus
644 1382 683 1425 ex
696 1360 832 1445 integris
846 1364 944 1445 atque
965 1356 1101 1423 illibatis
1122 1379 1225 1423 novae
1248 1356 1435 1442 disciplinae
1456 1357 1530 1423 fon·

358 1464 445 1531 tibus
471 1465 601 1550 plenam
630 1487 667 1532 ac
694 1468 857 1553 copiosam
887 1466 1066 1532 doctrinam
1095 1464 1225 1530 haurire
1249 1463 1384 1542 licebat,
1412 1464 1530 1548 quibus

358 1572 498 1657 primum
524 1572 616 1638 rudia
642 1578 675 1638 et
703 1574 837 1638 confusus
857 1573 1052 1659 exemplaria
1074 1571 1267 1651 ordinanda,
1293 1570 1530 1657 distinguenda,

359 1678 569 1763 perpolienda
583 1684 683 1757 erant,
703 1681 912 1746 minutiarum
932 1679 1034 1745 libido
1056 1679 1108 1745 vel
1129 1679 1278 1744 invadere
1301 1679 1351 1744 vel
1373 1677 1531 1743 delectare

359 1789 500 1870 poterat:
530 1786 559 1852 si
586 1787 664 1871 quid
691 1791 800 1852 autem
826 1810 861 1853 se
889 1787 1046 1853 offerebat
1070 1807 1144 1852 vere
1170 1786 1373 1871 impeditum,
1402 1790 1440 1850 ut
1469 1784 1531 1848 nisi

359 1892 510 1977 captiosis
536 1895 660 1961 artibus
690 1895 822 1960 enodari
848 1916 946 1980 posse
973 1916 1040 1960 non
1067 1894 1240 1974 videretur,
1266 1896 1337 1958 tum
1357 1914 1425 1957 non
1446 1891 1530 1958 hanc

359 1999 451 2083 quasi
469 2004 596 2085 gratian
617 2001 842 2068 ostentationis
865 2001 1067 2067 occasionem
1088 1999 1297 2084 arripiebant,
1323 2000 1381 2065 sed
1399 1999 1532 2065 medici·

293 2119 343 2170 209
360 2128 435 2171 nam
454 2106 631 2187 habebant,
658 2131 740 2194 quae
762 2108 803 2174 ab
824 2107 977 2185 acutrilis,
1005 2106 1114 2172 omnia
1138 2105 1260 2172 solvere
1281 2108 1403 2190 paratis
1424 2128 1532 2193 gram·

358 2213 483 2279 maticis
498 2237 664 2300 nunquam
682 2216 814 2280 inventa
836 2218 928 2293 esset,
950 2213 1108 2279 eruditam
1129 2234 1166 2277 ac
1188 2213 1366 2297 simplicem
1387 2251 1429 2262 -
1449 2206 1531 2277 ἀθέ-

357 2339 459 2407 τησιν.
498 2320 627 2388 Illustre
654 2323 808 2389 traditum
830 2320 1012 2406 exemplum
1033 2325 1096 2398 est,
1116 2319 1339 2386 Aristarchum
1359 2321 1393 2385 in
1416 2319 1532 2386 dissol-

358 2428 471 2494 vendis
507 2429 764 2514 quaestionibus,
804 2450 889 2514 quae
922 2428 985 2494 sihi
1019 2428 1132 2494 inanes
1168 2427 1365 2504 viderentur,
1400 2428 1531 2494 minime

276 2542 347 2613 (212)
360 2535 532 2621 gloriolam
557 2538 760 2620 quaesivisse.
810 2535 896 2613 Quid
925 2535 1010 2600 enim
1036 2535 1239 2620 responderit
1259 2537 1533 2620 percontantibus,

358 2665 414 2708 cur
442 2643 476 2708 iu
506 2665 640 2709 recensu
667 2644 797 2708 navium
831 2641 1009 2707 aBoeotis
1040 2642 1245 2728 potissimum
1279 2646 1376 2727 poeta
1401 2639 1532 2708 initium

358 2750 487 2835 ceperit,
509 2750 594 2835 apud
615 2748 821 2815 scholiastam
842 2750 885 2815 ad
907 2752 936 2812 B
955 2756 1017 2817 494
1037 2748 1176 2835 legimus
1196 2749 1260 2815 hoc
1280 2750 1391 2816 modo:
1412 2740 1532 2834 ἦρκται

359 2853 397 2921 δὲ
411 2849 481 2922 ἀπὸ
496 2858 658 2922 Βοιωτῶν
673 2854 758 2920 κατὰ
779 2852 841 2937 μὲν
851 2850 1066 2941 Ἀρίσταρχον
1089 2850 1149 2922 οὐκ
1170 2850 1208 2922 ἔκ
1227 2880 1317 2934 τινος
1337 2852 1532 2943 παρατηρή-

358 2983 442 3040 σεως
563 2963 710 3029 Alterum
731 2963 893 3030 scholion:
915 2957 933 3030 ὃ
956 2960 993 3029 δὲ
1011 2956 1224 3049 Ἀρίοταρχός
1245 2983 1328 3052 φησι
1348 2961 1434 3029 κατὰ
1455 2960 1532 3028 ἐπι-

359 3066 470 3159 φορὰν
490 3063 591 3137 αὐτὸν
612 3068 673 3157 τὴν
695 3064 799 3158 ἀρχὴν
816 3064 1045 3157 ποιήσασθαι·
1076 3063 1111 3138 el
1132 3069 1203 3157 γὰρ
1229 3069 1297 3136 καὶ
1319 3063 1381 3136 ἃττ’
1406 3065 1531 3136 ἄλλου

358 3173 502 3255 ἔθνους
528 3169 688 3264 ἤρξατο,
726 3175 940 3265 ἐζητοῦμεν
969 3171 1014 3243 ἂν
1043 3176 1114 3265 τὴν
1137 3171 1276 3243 αἰτίαν
1301 3182 1371 3265 τῆς
1400 3171 1529 3266 ἀρχῆς.

358 3285 476 3351 Audin'
495 3286 598 3351 virum
619 3286 763 3352 sobrium
785 3290 883 3371 atque
904 3286 939 3350 iu
960 3286 1146 3353 melioribus
1168 3287 1372 3373 exquirendis
1394 3308 1530 3371 occupa·

358 3397 441 3473 tum,
470 3415 544 3459 cum
576 3394 732 3460 molestos
760 3393 960 3479 argutiarum
990 3396 1184 3461 scrutatores
1212 3399 1401 3480 aspernatur
1432 3400 1529 3480 atque

358 3498 479 3565 eludit?
499 3499 653 3566 Eiusdem
666 3501 795 3587 generis
815 3499 996 3587 exemplum
1010 3504 1176 3586 praeterea
1195 3506 1245 3568 est
1261 3505 1293 3566 Δ
1307 3509 1375 3572 489.
1412 3501 1531 3568 Narrat

357 3607 403 3672 ibi
424 3611 533 3692 poeta,
561 3608 755 3693 Antiphum‚
782 3608 902 3673 Priami
923 3607 1039 3685 filium,
1068 3609 1103 3673 in
1129 3609 1252 3693 proelio
1274 3610 1407 3677 Aiacem
1436 3610 1530 3675 hasta

357 3715 503 3800 petiisse,
529 3738 600 3781 eam
625 3737 717 3794 vero,
744 3737 818 3782 cum
841 3718 883 3782 ab
904 3716 1003 3782 Aiace
1033 3716 1209 3796 aberraret,
1238 3717 1274 3782 in
1294 3716 1414 3797 Leuce,
1441 3717 1528 3785 Ulixi

358 3823 445 3888 socio
467 3817 621 3907 (ἑταῖρος)
649 3823 801 3890 haesisse.
843 3823 906 3890 Hic
933 3824 1079 3909 quaestio
1101 3824 1176 3903 fuit,
1205 3824 1239 3890 id
1269 3826 1432 3910 quomodo
1458 3823 1528 3891 fieri

357 3931 511 4015 potuerit,
540 3952 614 3997 cum
635 3953 675 3997 ex
696 3931 808 3997 ordine
828 3931 986 3997 exercitus
1008 3930 1121 3998 Graeci
1141 3936 1317 4014 constaret,
1342 3931 1529 3999 Ithaceuses

356 4037 606 4122 haudquaquam
639 4039 811 4105 mationem
841 4060 943 4124 prope
968 4038 1161 4105 Salaminios
1186 4039 1347 4108 habuisse·
1390 4040 1528 4119 Quidam

357 4144 486 4211 solvunt
499 4145 647 4231 pessime,
670 4140 800 4228 ἑταῖρον
813 4168 881 4211 non
900 4168 970 4211 esse
985 4147 1117 4226 socium,
1138 4147 1193 4213 sed
1208 4148 1355 4214 universe
1376 4149 1527 4224 amicum3

356 4251 411 4318 alii
432 4252 563 4331 melius,
588 4253 622 4317 in
647 4252 772 4337 proelio
795 4253 941 4319 ordinem
964 4254 1121 4320 exercitus
1142 4255 1305 4322 confundi.
1346 4255 1432 4334 Quid
1452 4257 1528 4322 Ari·

357 4357 523 4425 steuchus?
544 4353 617 4436 ,,ὡς
636 4355 814 4445 ποιητικὸν
833 4364 1083 4442 παραιτεῖταιίί,
1107 4361 1186 4427 talia
1199 4363 1233 4427 in
1247 4367 1345 4449 poeta
1365 4387 1406 4430 ne
1429 4386 1528 4449 quae·
