<?xml version="1.0" encoding="UTF-8"?>
<!DOCTYPE html PUBLIC "-//W3C//DTD XHTML 1.0 Transitional//EN"
    "http://www.w3.org/TR/xhtml1/DTD/xhtml1-transitional.dtd">
<html xmlns="http://www.w3.org/1999/xhtml" xml:lang="en" lang="en">
 <head>
  <title>
</title>
<meta http-equiv="Content-Type" content="text/html;charset=utf-8" />
  <meta name='ocr-system' content='tesseract 3.04.00' />
  <meta name='ocr-capabilities' content='ocr_page ocr_carea ocr_par ocr_line ocrx_word'/>
</head>
<body>
  <div class='ocr_page' id='page_1' title='image "./dearistarchistu00ludwgoog/dearistarchistu00ludwgoog_0176.png"; bbox 0 0 3425 4934; ppageno 0'>
   <div class='ocr_carea' id='block_1_1' title="bbox 358 313 1435 386">
    <p class='ocr_par' dir='ltr' id='par_1_1' title="bbox 358 313 1435 386">
     <span class='ocr_line' id='line_1_1' title="bbox 358 313 1435 386; baseline -0.002 -16"><span class='ocrx_word' id='word_1_1' title='bbox 358 322 418 384; x_wconf 79' lang='grc'>156</span> <span class='ocrx_word' id='word_1_2' title='bbox 435 315 468 370; x_wconf 91' lang='grc' dir='ltr'>Π.</span> <span class='ocrx_word' id='word_1_3' title='bbox 495 313 536 370; x_wconf 88' lang='lat' dir='ltr'>De</span> <span class='ocrx_word' id='word_1_4' title='bbox 554 313 731 369; x_wconf 82' lang='lat' dir='ltr'>Aristarchea</span> <span class='ocrx_word' id='word_1_5' title='bbox 747 313 947 369; x_wconf 80' lang='lat' dir='ltr'>vocabulorum</span> <span class='ocrx_word' id='word_1_6' title='bbox 965 313 1175 371; x_wconf 83' lang='lat' dir='ltr'>Homericomm</span> <span class='ocrx_word' id='word_1_7' title='bbox 1191 313 1435 386; x_wconf 64' lang='lat' dir='ltr'>interpretatione.</span> 
     </span>
    </p>
   </div>
   <div class='ocr_carea' id='block_1_2' title="bbox 276 475 1534 4233">
    <p class='ocr_par' dir='ltr' id='par_1_2' title="bbox 276 475 1534 4233">
     <span class='ocr_line' id='line_1_2' title="bbox 357 475 1528 569; baseline -0.003 -19"><span class='ocrx_word' id='word_1_8' title='bbox 357 487 520 569; x_wconf 81' lang='lat' dir='ltr'>corrupta,</span> <span class='ocrx_word' id='word_1_9' title='bbox 550 506 631 568; x_wconf 89' lang='lat' dir='ltr'>quae</span> <span class='ocrx_word' id='word_1_10' title='bbox 661 483 708 548; x_wconf 87' lang='lat' dir='ltr'>sic</span> <span class='ocrx_word' id='word_1_11' title='bbox 733 486 820 548; x_wconf 87' lang='lat' dir='ltr'>recte</span> <span class='ocrx_word' id='word_1_12' title='bbox 852 481 1050 567; x_wconf 82' lang='lat' dir='ltr'>explebimus</span> <span class='ocrx_word' id='word_1_13' title='bbox 1079 475 1142 563; x_wconf 79' lang='grc' dir='ltr'><strong><em>οὐχ·</em></strong></span> <span class='ocrx_word' id='word_1_14' title='bbox 1166 477 1211 561; x_wconf 81' lang='grc' dir='ltr'>ὡς</span> <span class='ocrx_word' id='word_1_15' title='bbox 1236 479 1332 569; x_wconf 78' lang='grc' dir='ltr'><strong><em>ἡμεῖς</em></strong></span> <span class='ocrx_word' id='word_1_16' title='bbox 1358 476 1528 564; x_wconf 75' lang='grc' dir='ltr'>εἰώθαμεν</span> 
     </span>
     <span class='ocr_line' id='line_1_3' title="bbox 357 584 1525 679; baseline -0.001 -22"><span class='ocrx_word' id='word_1_17' title='bbox 357 584 617 679; x_wconf 72' lang='grc' dir='ltr'><strong><em>ἀποφαίνεσθαι</em></strong></span> <span class='ocrx_word' id='word_1_18' title='bbox 650 586 800 674; x_wconf 71' lang='grc' dir='ltr'><strong><em>λέγοντες</em></strong></span> <span class='ocrx_word' id='word_1_19' title='bbox 833 584 1096 669; x_wconf 75' lang='grc' dir='ltr'><strong><em>,,κακοπάθειαν</em></strong></span> <span class='ocrx_word' id='word_1_20' title='bbox 1128 588 1189 673; x_wconf 81' lang='grc' dir='ltr'>μὲν</span> <span class='ocrx_word' id='word_1_21' title='bbox 1214 584 1282 671; x_wconf 74' lang='grc' dir='ltr'><strong><em>ἔχει</em></strong></span> <span class='ocrx_word' id='word_1_22' title='bbox 1311 586 1332 678; x_wconf 77' lang='grc' dir='ltr'><em>ἡ</em></span> <span class='ocrx_word' id='word_1_23' title='bbox 1361 585 1525 676; x_wconf 79' lang='grc' dir='ltr'><strong><em>καρτερία,</em></strong></span> 
     </span>
     <span class='ocr_line' id='line_1_4' title="bbox 356 690 1527 785; baseline 0 -21"><span class='ocrx_word' id='word_1_24' title='bbox 356 694 448 782; x_wconf 83' lang='grc' dir='ltr'><strong><em>ὅμως</em></strong></span> <span class='ocrx_word' id='word_1_25' title='bbox 469 690 502 762; x_wconf 76' lang='grc' dir='ltr'>δ’</span> <span class='ocrx_word' id='word_1_26' title='bbox 519 690 580 763; x_wconf 80' lang='grc' dir='ltr'><strong><em>οὐκ</em></strong></span> <span class='ocrx_word' id='word_1_27' title='bbox 602 690 838 777; x_wconf 54' lang='grc' dir='ltr'><strong><em>ἀποσχετέονίῑ.</em></strong></span> <span class='ocrx_word' id='word_1_28' title='bbox 873 690 994 783; x_wconf 81' lang='grc' dir='ltr'><strong><em>ταύτην</em></strong></span> <span class='ocrx_word' id='word_1_29' title='bbox 1016 695 1103 785; x_wconf 82' lang='grc' dir='ltr'><strong><em>φημὶ</em></strong></span> <span class='ocrx_word' id='word_1_30' title='bbox 1122 696 1182 785; x_wconf 83' lang='grc' dir='ltr'>τὴν</span> <span class='ocrx_word' id='word_1_31' title='bbox 1204 691 1344 781; x_wconf 76' lang='grc' dir='ltr'><strong><em>δύναμιν</em></strong></span> <span class='ocrx_word' id='word_1_32' title='bbox 1364 696 1411 785; x_wconf 80' lang='grc' dir='ltr'>μὴ</span> <span class='ocrx_word' id='word_1_33' title='bbox 1434 692 1527 784; x_wconf 70' lang='lat' dir='ltr'>yteri-</span> 
     </span>
     <span class='ocr_line' id='line_1_5' title="bbox 356 797 1529 893; baseline 0 -21"><span class='ocrx_word' id='word_1_34' title='bbox 356 828 447 872; x_wconf 90' lang='grc' dir='ltr'><strong><em>σκειν</em></strong></span> <span class='ocrx_word' id='word_1_35' title='bbox 465 802 523 871; x_wconf 87' lang='grc' dir='ltr'>τὸν</span> <span class='ocrx_word' id='word_1_36' title='bbox 543 798 695 892; x_wconf 81' lang='grc' dir='ltr'><strong><em>ποιητήν,</em></strong></span> <span class='ocrx_word' id='word_1_37' title='bbox 720 797 793 869; x_wconf 79' lang='grc' dir='ltr'><strong><em>ἀλλ’</em></strong></span> <span class='ocrx_word' id='word_1_38' title='bbox 816 797 870 869; x_wconf 79' lang='grc' dir='ltr'>ἀεὶ</span> <span class='ocrx_word' id='word_1_39' title='bbox 891 807 961 888; x_wconf 84' lang='lat' dir='ltr'>(ins</span> <span class='ocrx_word' id='word_1_40' title='bbox 976 803 1045 889; x_wconf 77' lang='lat' dir='ltr'>dod)</span> <span class='ocrx_word' id='word_1_41' title='bbox 1067 808 1126 872; x_wconf 83' lang='grc' dir='ltr'><strong><em>τοῦ</em></strong></span> <span class='ocrx_word' id='word_1_42' title='bbox 1147 800 1255 892; x_wconf 82' lang='grc' dir='ltr'><strong><em>έμπης</em></strong></span> <span class='ocrx_word' id='word_1_43' title='bbox 1269 799 1371 892; x_wconf 76' lang='grc' dir='ltr'><strong><em>αὐτὴν</em></strong></span> <span class='ocrx_word' id='word_1_44' title='bbox 1383 802 1529 893; x_wconf 76' lang='grc' dir='ltr'><strong><em>ἐκφέρει.</em></strong></span> 
     </span>
     <span class='ocr_line' id='line_1_6' title="bbox 355 907 1528 1001; baseline -0.004 -19"><span class='ocrx_word' id='word_1_45' title='bbox 355 915 494 1001; x_wconf 81' lang='lat' dir='ltr'>Reliqua</span> <span class='ocrx_word' id='word_1_46' title='bbox 518 937 631 980; x_wconf 89' lang='lat' dir='ltr'>manca</span> <span class='ocrx_word' id='word_1_47' title='bbox 659 919 693 979; x_wconf 90' lang='lat' dir='ltr'>et</span> <span class='ocrx_word' id='word_1_48' title='bbox 719 917 879 1000; x_wconf 80' lang='lat' dir='ltr'>corrupta</span> <span class='ocrx_word' id='word_1_49' title='bbox 922 913 969 981; x_wconf 84' lang='lat' dir='ltr'>cf.</span> <span class='ocrx_word' id='word_1_50' title='bbox 992 914 1091 979; x_wconf 84' lang='lat' dir='ltr'>schol</span> <span class='ocrx_word' id='word_1_51' title='bbox 1121 911 1141 976; x_wconf 92' lang='grc' dir='ltr'><strong><em>λ</em></strong></span> <span class='ocrx_word' id='word_1_52' title='bbox 1167 919 1228 982; x_wconf 91' lang='grc'>565</span> <span class='ocrx_word' id='word_1_53' title='bbox 1256 907 1342 979; x_wconf 70' lang='grc' dir='ltr'><strong><em>ἔνθα</em></strong></span> <span class='ocrx_word' id='word_1_54' title='bbox 1366 907 1393 994; x_wconf 80' lang='grc' dir='ltr'>χ’</span> <span class='ocrx_word' id='word_1_55' title='bbox 1422 908 1528 996; x_wconf 82' lang='grc' dir='ltr'><strong><em>ὁμῶς.·</em></strong></span> 
     </span>
     <span class='ocr_line' id='line_1_7' title="bbox 355 1014 1526 1109; baseline -0.003 -21"><span class='ocrx_word' id='word_1_56' title='bbox 355 1018 615 1107; x_wconf 78' lang='grc' dir='ltr'><strong><em>περισπαστέον·</em></strong></span> <span class='ocrx_word' id='word_1_57' title='bbox 646 1016 811 1109; x_wconf 67' lang='grc' dir='ltr'><strong><em>ἐπίρρημα</em></strong></span> <span class='ocrx_word' id='word_1_58' title='bbox 835 1016 908 1106; x_wconf 78' lang='grc' dir='ltr'>γάρ.</span> <span class='ocrx_word' id='word_1_59' title='bbox 953 1024 1000 1106; x_wconf 83' lang='grc' dir='ltr'>τῷ</span> <span class='ocrx_word' id='word_1_60' title='bbox 1030 1017 1200 1108; x_wconf 80' lang='grc' dir='ltr'><strong><em>συνδέσμῳ</em></strong></span> <span class='ocrx_word' id='word_1_61' title='bbox 1227 1014 1265 1086; x_wconf 80' lang='grc' dir='ltr'><strong><em>οὐ</em></strong></span> <span class='ocrx_word' id='word_1_62' title='bbox 1291 1024 1424 1108; x_wconf 80' lang='grc' dir='ltr'><strong><em>χρῆται,</em></strong></span> <span class='ocrx_word' id='word_1_63' title='bbox 1453 1014 1526 1086; x_wconf 79' lang='grc' dir='ltr'><strong><em>ἀλλ’</em></strong></span> 
     </span>
     <span class='ocr_line' id='line_1_8' title="bbox 357 1121 1528 1216; baseline -0.001 -22"><span class='ocrx_word' id='word_1_64' title='bbox 357 1123 423 1196; x_wconf 80' lang='grc' dir='ltr'><strong><em>ἀντ’</em></strong></span> <span class='ocrx_word' id='word_1_65' title='bbox 447 1122 549 1195; x_wconf 78' lang='grc' dir='ltr'><strong><em>αὐτοῦ</em></strong></span> <span class='ocrx_word' id='word_1_66' title='bbox 568 1132 617 1215; x_wconf 78' lang='grc' dir='ltr'>τῷ</span> <span class='ocrx_word' id='word_1_67' title='bbox 637 1123 752 1216; x_wconf 71' lang='grc' dir='ltr'><strong><em>ἔμπης.</em></strong></span> <span class='ocrx_word' id='word_1_68' title='bbox 782 1126 836 1195; x_wconf 80' lang='grc' dir='ltr'>διὸ</span> <span class='ocrx_word' id='word_1_69' title='bbox 859 1126 915 1193; x_wconf 80' lang='grc' dir='ltr'>καὶ</span> <span class='ocrx_word' id='word_1_70' title='bbox 935 1126 974 1195; x_wconf 86' lang='grc' dir='ltr'>τὸ</span> <span class='ocrx_word' id='word_1_71' title='bbox 993 1124 1109 1212; x_wconf 65' lang='lat' dir='ltr'>„iprae</span> <span class='ocrx_word' id='word_1_72' title='bbox 1130 1122 1161 1195; x_wconf 75' lang='grc' dir='ltr'>δ’</span> <span class='ocrx_word' id='word_1_73' title='bbox 1183 1121 1221 1195; x_wconf 81' lang='grc' dir='ltr'><strong><em>οὗ</em></strong></span> <span class='ocrx_word' id='word_1_74' title='bbox 1236 1125 1363 1216; x_wconf 71' lang='grc' dir='ltr'><strong><em>λη’θετο</em></strong></span> <span class='ocrx_word' id='word_1_75' title='bbox 1376 1124 1528 1215; x_wconf 71' lang='grc' dir='ltr'>χοὶρμηςα</span> 
     </span>
     <span class='ocr_line' id='line_1_9' title="bbox 358 1231 1528 1323; baseline 0.001 -20"><span class='ocrx_word' id='word_1_76' title='bbox 358 1232 391 1303; x_wconf 80' lang='lat' dir='ltr'>oi</span> <span class='ocrx_word' id='word_1_77' title='bbox 410 1231 549 1314; x_wconf 82' lang='grc' dir='ltr'><strong><em>πλείους</em></strong></span> <span class='ocrx_word' id='word_1_78' title='bbox 567 1240 784 1319; x_wconf 78' lang='grc' dir='ltr'><strong><em>περισπῶσιν.</em></strong></span> <span class='ocrx_word' id='word_1_79' title='bbox 811 1237 884 1304; x_wconf 84' lang='grc' dir='ltr'>Ηοο</span> <span class='ocrx_word' id='word_1_80' title='bbox 896 1238 1119 1304; x_wconf 79' lang='lat' dir='ltr'>Aristarchum</span> <span class='ocrx_word' id='word_1_81' title='bbox 1138 1238 1341 1323; x_wconf 79' lang='lat' dir='ltr'>praeteriisse</span> <span class='ocrx_word' id='word_1_82' title='bbox 1362 1262 1400 1305; x_wconf 91' lang='lat' dir='ltr'>eo</span> <span class='ocrx_word' id='word_1_83' title='bbox 1422 1240 1528 1304; x_wconf 90' lang='lat' dir='ltr'>minus</span> 
     </span>
     <span class='ocr_line' id='line_1_10' title="bbox 357 1338 1527 1436; baseline 0 -24"><span class='ocrx_word' id='word_1_84' title='bbox 357 1346 484 1412; x_wconf 87' lang='lat' dir='ltr'>credam</span> <span class='ocrx_word' id='word_1_85' title='bbox 505 1368 577 1436; x_wconf 85' lang='lat' dir='ltr'>cum</span> <span class='ocrx_word' id='word_1_86' title='bbox 597 1346 791 1413; x_wconf 79' lang='lat' dir='ltr'>vocabulum</span> <span class='ocrx_word' id='word_1_87' title='bbox 812 1338 928 1429; x_wconf 77' lang='grc' dir='ltr'><strong><em>ἔμπης,</em></strong></span> <span class='ocrx_word' id='word_1_88' title='bbox 949 1350 1104 1431; x_wconf 89' lang='lat' dir='ltr'>utsupra</span> <span class='ocrx_word' id='word_1_89' title='bbox 1120 1347 1265 1427; x_wconf 77' lang='lat' dir='ltr'>vidimus,</span> <span class='ocrx_word' id='word_1_90' title='bbox 1280 1350 1433 1412; x_wconf 84' lang='lat' dir='ltr'>notasset</span> <span class='ocrx_word' id='word_1_91' title='bbox 1463 1347 1527 1412; x_wconf 87' lang='lat' dir='ltr'>Res</span> 
     </span>
     <span class='ocr_line' id='line_1_11' title="bbox 355 1452 1527 1541; baseline 0.001 -21"><span class='ocrx_word' id='word_1_92' title='bbox 355 1453 535 1533; x_wconf 77' lang='lat' dir='ltr'>verissima3</span> <span class='ocrx_word' id='word_1_93' title='bbox 557 1476 663 1539; x_wconf 89' lang='lat' dir='ltr'>neque</span> <span class='ocrx_word' id='word_1_94' title='bbox 685 1456 772 1520; x_wconf 91' lang='lat' dir='ltr'>enim</span> <span class='ocrx_word' id='word_1_95' title='bbox 793 1453 861 1519; x_wconf 89' lang='lat' dir='ltr'>ulla</span> <span class='ocrx_word' id='word_1_96' title='bbox 881 1453 1006 1519; x_wconf 86' lang='lat' dir='ltr'>ratione</span> <span class='ocrx_word' id='word_1_97' title='bbox 1028 1455 1160 1520; x_wconf 87' lang='lat' dir='ltr'>concedi</span> <span class='ocrx_word' id='word_1_98' title='bbox 1181 1458 1298 1541; x_wconf 75' lang='lat' dir='ltr'>potest,</span> <span class='ocrx_word' id='word_1_99' title='bbox 1319 1452 1357 1520; x_wconf 89' lang='lat' dir='ltr'>ut</span> <span class='ocrx_word' id='word_1_100' title='bbox 1371 1478 1444 1520; x_wconf 93' lang='lat' dir='ltr'>cum</span> <span class='ocrx_word' id='word_1_101' title='bbox 1457 1455 1527 1521; x_wconf 90' lang='lat' dir='ltr'>Ho-</span> 
     </span>
     <span class='ocr_line' id='line_1_12' title="bbox 356 1562 1529 1648; baseline 0 -20"><span class='ocrx_word' id='word_1_102' title='bbox 356 1562 436 1628; x_wconf 89' lang='lat' dir='ltr'>meri</span> <span class='ocrx_word' id='word_1_103' title='bbox 464 1584 567 1629; x_wconf 87' lang='lat' dir='ltr'>sermo</span> <span class='ocrx_word' id='word_1_104' title='bbox 593 1585 653 1648; x_wconf 90' lang='lat' dir='ltr'>pro</span> <span class='ocrx_word' id='word_1_105' title='bbox 676 1566 861 1643; x_wconf 81' lang='lat' dir='ltr'>„attamen“,</span> <span class='ocrx_word' id='word_1_106' title='bbox 888 1562 976 1647; x_wconf 92' lang='lat' dir='ltr'>quod</span> <span class='ocrx_word' id='word_1_107' title='bbox 1001 1564 1179 1628; x_wconf 84' lang='lat' dir='ltr'>sexcenties</span> <span class='ocrx_word' id='word_1_108' title='bbox 1206 1562 1375 1628; x_wconf 91' lang='lat' dir='ltr'>dicendum</span> <span class='ocrx_word' id='word_1_109' title='bbox 1401 1567 1470 1628; x_wconf 90' lang='lat' dir='ltr'>erat</span> <span class='ocrx_word' id='word_1_110' title='bbox 1495 1568 1529 1628; x_wconf 90' lang='lat' dir='ltr'>ct</span> 
     </span>
     <span class='ocr_line' id='line_1_13' title="bbox 356 1662 1528 1755; baseline 0 -20"><span class='ocrx_word' id='word_1_111' title='bbox 356 1671 478 1736; x_wconf 90' lang='lat' dir='ltr'>dictum</span> <span class='ocrx_word' id='word_1_112' title='bbox 504 1673 568 1749; x_wconf 83' lang='lat' dir='ltr'>est,</span> <span class='ocrx_word' id='word_1_113' title='bbox 599 1670 698 1735; x_wconf 88' lang='lat' dir='ltr'>ferret</span> <span class='ocrx_word' id='word_1_114' title='bbox 724 1662 845 1755; x_wconf 74' lang='grc' dir='ltr'><strong><em>ἔμπης,</em></strong></span> <span class='ocrx_word' id='word_1_115' title='bbox 875 1691 941 1735; x_wconf 92' lang='lat' dir='ltr'>uno</span> <span class='ocrx_word' id='word_1_116' title='bbox 963 1669 1013 1734; x_wconf 83' lang='lat' dir='ltr'>vel</span> <span class='ocrx_word' id='word_1_117' title='bbox 1035 1669 1160 1735; x_wconf 91' lang='lat' dir='ltr'>duobus</span> <span class='ocrx_word' id='word_1_118' title='bbox 1182 1670 1216 1734; x_wconf 92' lang='lat' dir='ltr'>in</span> <span class='ocrx_word' id='word_1_119' title='bbox 1235 1675 1302 1735; x_wconf 85' lang='lat' dir='ltr'>tem</span> <span class='ocrx_word' id='word_1_120' title='bbox 1323 1670 1438 1755; x_wconf 88' lang='lat' dir='ltr'>amplis</span> <span class='ocrx_word' id='word_1_121' title='bbox 1459 1692 1528 1735; x_wconf 88' lang='lat' dir='ltr'>car·</span> 
     </span>
     <span class='ocr_line' id='line_1_14' title="bbox 356 1772 1526 1863; baseline 0 -20"><span class='ocrx_word' id='word_1_122' title='bbox 356 1778 498 1843; x_wconf 90' lang='lat' dir='ltr'>minibus</span> <span class='ocrx_word' id='word_1_123' title='bbox 524 1776 605 1843; x_wconf 92' lang='lat' dir='ltr'>locis</span> <span class='ocrx_word' id='word_1_124' title='bbox 635 1772 726 1859; x_wconf 82' lang='grc' dir='ltr'><strong><em>ὅμως</em></strong></span> <span class='ocrx_word' id='word_1_125' title='bbox 756 1778 900 1863; x_wconf 87' lang='lat' dir='ltr'>positum</span> <span class='ocrx_word' id='word_1_126' title='bbox 926 1777 1026 1843; x_wconf 53' lang='lat' dir='ltr'>sitm.</span> <span class='ocrx_word' id='word_1_127' title='bbox 1069 1776 1134 1844; x_wconf 84' lang='lat' dir='ltr'>Sed</span> <span class='ocrx_word' id='word_1_128' title='bbox 1160 1778 1322 1862; x_wconf 93' lang='lat' dir='ltr'>quomodo</span> <span class='ocrx_word' id='word_1_129' title='bbox 1346 1776 1407 1843; x_wconf 91' lang='lat' dir='ltr'>hos</span> <span class='ocrx_word' id='word_1_130' title='bbox 1428 1777 1526 1853; x_wconf 88' lang='lat' dir='ltr'>locos,</span> 
     </span>
     <span class='ocr_line' id='line_1_15' title="bbox 358 1884 1528 1970; baseline 0 -19"><span class='ocrx_word' id='word_1_131' title='bbox 358 1886 414 1970; x_wconf 89' lang='lat' dir='ltr'>qui</span> <span class='ocrx_word' id='word_1_132' title='bbox 435 1887 504 1951; x_wconf 89' lang='lat' dir='ltr'>cius</span> <span class='ocrx_word' id='word_1_133' title='bbox 524 1885 572 1950; x_wconf 89' lang='lat' dir='ltr'>rei</span> <span class='ocrx_word' id='word_1_134' title='bbox 592 1885 733 1969; x_wconf 89' lang='lat' dir='ltr'>speciem</span> <span class='ocrx_word' id='word_1_135' title='bbox 746 1886 911 1970; x_wconf 80' lang='lat' dir='ltr'>praebent,</span> <span class='ocrx_word' id='word_1_136' title='bbox 926 1885 1123 1969; x_wconf 83' lang='lat' dir='ltr'>expediverit</span> <span class='ocrx_word' id='word_1_137' title='bbox 1136 1886 1306 1951; x_wconf 88' lang='lat' dir='ltr'>nescimus.</span> <span class='ocrx_word' id='word_1_138' title='bbox 1337 1884 1357 1948; x_wconf 89' lang='grc' dir='ltr'><strong><em>λ</em></strong></span> <span class='ocrx_word' id='word_1_139' title='bbox 1372 1891 1432 1953; x_wconf 86' lang='grc'>565</span> <span class='ocrx_word' id='word_1_140' title='bbox 1448 1886 1528 1951; x_wconf 88' lang='lat' dir='ltr'>nihil</span> 
     </span>
     <span class='ocr_line' id='line_1_16' title="bbox 358 1992 1528 2078; baseline 0 -20"><span class='ocrx_word' id='word_1_141' title='bbox 358 1993 466 2058; x_wconf 84' lang='lat' dir='ltr'>obstat</span> <span class='ocrx_word' id='word_1_142' title='bbox 488 2014 552 2078; x_wconf 92' lang='lat' dir='ltr'>quo</span> <span class='ocrx_word' id='word_1_143' title='bbox 574 1992 681 2057; x_wconf 89' lang='lat' dir='ltr'>minus</span> <span class='ocrx_word' id='word_1_144' title='bbox 701 1993 786 2058; x_wconf 91' lang='lat' dir='ltr'>intra</span> <span class='ocrx_word' id='word_1_145' title='bbox 807 1994 923 2058; x_wconf 88' lang='lat' dir='ltr'>seriem</span> <span class='ocrx_word' id='word_1_146' title='bbox 944 1993 1124 2074; x_wconf 91' lang='lat' dir='ltr'>spuriorum</span> <span class='ocrx_word' id='word_1_147' title='bbox 1145 1995 1251 2061; x_wconf 84' lang='lat' dir='ltr'>fuerit.</span> <span class='ocrx_word' id='word_1_148' title='bbox 1292 1993 1423 2060; x_wconf 85' lang='lat' dir='ltr'>Etenim</span> <span class='ocrx_word' id='word_1_149' title='bbox 1444 1993 1528 2059; x_wconf 85' lang='lat' dir='ltr'>circa</span> 
     </span>
     <span class='ocr_line' id='line_1_17' title="bbox 356 2080 1528 2186; baseline 0.002 -21"><span class='ocrx_word' id='word_1_150' title='bbox 356 2101 443 2165; x_wconf 90' lang='lat' dir='ltr'>hunc</span> <span class='ocrx_word' id='word_1_151' title='bbox 463 2122 591 2167; x_wconf 82' lang='lat' dir='ltr'>versum</span> <span class='ocrx_word' id='word_1_152' title='bbox 622 2099 755 2186; x_wconf 83' lang='lat' dir='ltr'>longam</span> <span class='ocrx_word' id='word_1_153' title='bbox 780 2080 931 2165; x_wconf 71' lang='lat' dir='ltr'>¹versuum</span> <span class='ocrx_word' id='word_1_154' title='bbox 957 2101 1072 2166; x_wconf 90' lang='lat' dir='ltr'>seriem</span> <span class='ocrx_word' id='word_1_155' title='bbox 1090 2124 1149 2186; x_wconf 90' lang='lat' dir='ltr'>pro</span> <span class='ocrx_word' id='word_1_156' title='bbox 1172 2102 1280 2186; x_wconf 84' lang='lat' dir='ltr'>spuria</span> <span class='ocrx_word' id='word_1_157' title='bbox 1300 2102 1445 2167; x_wconf 84' lang='lat' dir='ltr'>habitam</span> <span class='ocrx_word' id='word_1_158' title='bbox 1466 2103 1528 2167; x_wconf 90' lang='lat' dir='ltr'>sci·</span> 
     </span>
     <span class='ocr_line' id='line_1_18' title="bbox 357 2207 1534 2295; baseline -0.001 -20"><span class='ocrx_word' id='word_1_159' title='bbox 357 2231 445 2286; x_wconf 82' lang='lat' dir='ltr'>mus3</span> <span class='ocrx_word' id='word_1_160' title='bbox 473 2209 508 2273; x_wconf 90' lang='lat' dir='ltr'>in</span> <span class='ocrx_word' id='word_1_161' title='bbox 530 2230 594 2293; x_wconf 90' lang='lat' dir='ltr'>quo</span> <span class='ocrx_word' id='word_1_162' title='bbox 615 2207 800 2274; x_wconf 87' lang='lat' dir='ltr'>athetesecs</span> <span class='ocrx_word' id='word_1_163' title='bbox 820 2208 951 2273; x_wconf 87' lang='lat' dir='ltr'>initium</span> <span class='ocrx_word' id='word_1_164' title='bbox 971 2208 1069 2273; x_wconf 88' lang='lat' dir='ltr'>fuerit</span> <span class='ocrx_word' id='word_1_165' title='bbox 1091 2230 1129 2273; x_wconf 88' lang='lat' dir='ltr'>ex</span> <span class='ocrx_word' id='word_1_166' title='bbox 1150 2208 1240 2273; x_wconf 89' lang='lat' dir='ltr'>codd.</span> <span class='ocrx_word' id='word_1_167' title='bbox 1263 2210 1401 2295; x_wconf 80' lang='lat' dir='ltr'>perspici</span> <span class='ocrx_word' id='word_1_168' title='bbox 1420 2210 1534 2294; x_wconf 88' lang='lat' dir='ltr'>nequit</span> 
     </span>
     <span class='ocr_line' id='line_1_19' title="bbox 359 2314 1532 2401; baseline 0 -20"><span class='ocrx_word' id='word_1_169' title='bbox 359 2318 399 2397; x_wconf 87' lang='lat' dir='ltr'>(v.</span> <span class='ocrx_word' id='word_1_170' title='bbox 414 2315 563 2399; x_wconf 88' lang='lat' dir='ltr'>Buttm):</span> <span class='ocrx_word' id='word_1_171' title='bbox 586 2338 684 2400; x_wconf 89' lang='lat' dir='ltr'>quare</span> <span class='ocrx_word' id='word_1_172' title='bbox 706 2316 752 2380; x_wconf 91' lang='lat' dir='ltr'>nil</span> <span class='ocrx_word' id='word_1_173' title='bbox 772 2316 908 2401; x_wconf 88' lang='lat' dir='ltr'>impedit</span> <span class='ocrx_word' id='word_1_174' title='bbox 929 2337 994 2400; x_wconf 92' lang='lat' dir='ltr'>quo</span> <span class='ocrx_word' id='word_1_175' title='bbox 1015 2314 1122 2379; x_wconf 90' lang='lat' dir='ltr'>minus</span> <span class='ocrx_word' id='word_1_176' title='bbox 1143 2314 1207 2379; x_wconf 90' lang='lat' dir='ltr'>iam</span> <span class='ocrx_word' id='word_1_177' title='bbox 1228 2315 1303 2383; x_wconf 87' lang='lat' dir='ltr'>hv.</span> <span class='ocrx_word' id='word_1_178' title='bbox 1326 2318 1411 2400; x_wconf 83' lang='grc'>(565)</span> <span class='ocrx_word' id='word_1_179' title='bbox 1433 2317 1532 2382; x_wconf 77' lang='lat' dir='ltr'>finisse</span> 
     </span>
     <span class='ocr_line' id='line_1_20' title="bbox 359 2422 1533 2509; baseline 0 -20"><span class='ocrx_word' id='word_1_180' title='bbox 359 2425 519 2509; x_wconf 85' lang='lat' dir='ltr'>putemus,</span> <span class='ocrx_word' id='word_1_181' title='bbox 540 2446 606 2489; x_wconf 91' lang='lat' dir='ltr'>non</span> <span class='ocrx_word' id='word_1_182' title='bbox 630 2423 757 2488; x_wconf 91' lang='lat' dir='ltr'>demum</span> <span class='ocrx_word' id='word_1_183' title='bbox 778 2447 808 2488; x_wconf 86' lang='lat' dir='ltr'>v.</span> <span class='ocrx_word' id='word_1_184' title='bbox 830 2429 903 2501; x_wconf 83' lang='lat'><strong>567,</strong></span> <span class='ocrx_word' id='word_1_185' title='bbox 929 2427 967 2487; x_wconf 91' lang='lat' dir='ltr'>ut</span> <span class='ocrx_word' id='word_1_186' title='bbox 988 2422 1109 2488; x_wconf 89' lang='lat' dir='ltr'>Buttm.</span> <span class='ocrx_word' id='word_1_187' title='bbox 1131 2423 1254 2489; x_wconf 73' lang='lat' dir='ltr'>statarii.</span> <span class='ocrx_word' id='word_1_188' title='bbox 1298 2423 1362 2490; x_wconf 85' lang='lat' dir='ltr'>Sed</span> <span class='ocrx_word' id='word_1_189' title='bbox 1383 2424 1449 2490; x_wconf 85' lang='lat' dir='ltr'>sive</span> <span class='ocrx_word' id='word_1_190' title='bbox 1470 2424 1533 2490; x_wconf 91' lang='lat' dir='ltr'>hoc</span> 
     </span>
     <span class='ocr_line' id='line_1_21' title="bbox 276 2524 1534 2615; baseline 0.004 -23"><span class='ocrx_word' id='word_1_191' title='bbox 276 2537 348 2606; x_wconf 81' lang='lat'><strong>(160)</strong></span> <span class='ocrx_word' id='word_1_192' title='bbox 359 2530 441 2598; x_wconf 84' lang='lat' dir='ltr'>vidit</span> <span class='ocrx_word' id='word_1_193' title='bbox 471 2530 676 2597; x_wconf 85' lang='lat' dir='ltr'>Aristarchus</span> <span class='ocrx_word' id='word_1_194' title='bbox 712 2531 777 2595; x_wconf 87' lang='lat' dir='ltr'>sive</span> <span class='ocrx_word' id='word_1_195' title='bbox 812 2530 986 2596; x_wconf 81' lang='lat' dir='ltr'>violentius</span> <span class='ocrx_word' id='word_1_196' title='bbox 1020 2530 1181 2615; x_wconf 78' lang='lat' dir='ltr'>explicans</span> <span class='ocrx_word' id='word_1_197' title='bbox 1213 2532 1319 2597; x_wconf 89' lang='lat' dir='ltr'>tenuit</span> <span class='ocrx_word' id='word_1_198' title='bbox 1350 2524 1460 2613; x_wconf 83' lang='grc' dir='ltr'><strong><em>ὁμῶς,</em></strong></span> <span class='ocrx_word' id='word_1_199' title='bbox 1495 2536 1534 2597; x_wconf 86' lang='lat' dir='ltr'>ut</span> 
     </span>
     <span class='ocr_line' id='line_1_22' title="bbox 295 2637 1533 2724; baseline 0.001 -21"><span class='ocrx_word' id='word_1_200' title='bbox 295 2647 342 2696; x_wconf 81' lang='lat'>¹5⁷</span> <span class='ocrx_word' id='word_1_201' title='bbox 360 2637 546 2717; x_wconf 75' lang='lat' dir='ltr'>scholiasta,</span> <span class='ocrx_word' id='word_1_202' title='bbox 575 2639 663 2724; x_wconf 90' lang='lat' dir='ltr'>quod</span> <span class='ocrx_word' id='word_1_203' title='bbox 684 2639 790 2704; x_wconf 91' lang='lat' dir='ltr'>minus</span> <span class='ocrx_word' id='word_1_204' title='bbox 812 2638 935 2720; x_wconf 82' lang='lat' dir='ltr'>credas,</span> <span class='ocrx_word' id='word_1_205' title='bbox 967 2639 1043 2723; x_wconf 89' lang='lat' dir='ltr'>quia</span> <span class='ocrx_word' id='word_1_206' title='bbox 1064 2660 1099 2703; x_wconf 89' lang='lat' dir='ltr'>re</span> <span class='ocrx_word' id='word_1_207' title='bbox 1119 2659 1195 2703; x_wconf 87' lang='lat' dir='ltr'>vera</span> <span class='ocrx_word' id='word_1_208' title='bbox 1216 2639 1346 2723; x_wconf 89' lang='lat' dir='ltr'>quidem</span> <span class='ocrx_word' id='word_1_209' title='bbox 1366 2639 1450 2704; x_wconf 89' lang='lat' dir='ltr'>hanc</span> <span class='ocrx_word' id='word_1_210' title='bbox 1468 2640 1533 2704; x_wconf 90' lang='lat' dir='ltr'>iam</span> 
     </span>
     <span class='ocr_line' id='line_1_23' title="bbox 359 2746 1532 2832; baseline 0.002 -21"><span class='ocrx_word' id='word_1_211' title='bbox 359 2768 425 2812; x_wconf 90' lang='lat' dir='ltr'>non</span> <span class='ocrx_word' id='word_1_212' title='bbox 447 2747 627 2832; x_wconf 88' lang='lat' dir='ltr'>explicandi</span> <span class='ocrx_word' id='word_1_213' title='bbox 647 2746 836 2812; x_wconf 81' lang='lat' dir='ltr'>violentiam</span> <span class='ocrx_word' id='word_1_214' title='bbox 856 2747 914 2813; x_wconf 88' lang='lat' dir='ltr'>sed</span> <span class='ocrx_word' id='word_1_215' title='bbox 932 2747 1088 2831; x_wconf 88' lang='lat' dir='ltr'>ineptiam</span> <span class='ocrx_word' id='word_1_216' title='bbox 1110 2746 1235 2826; x_wconf 87' lang='lat' dir='ltr'>dixeris,</span> <span class='ocrx_word' id='word_1_217' title='bbox 1257 2750 1342 2812; x_wconf 90' lang='lat' dir='ltr'>certe</span> <span class='ocrx_word' id='word_1_218' title='bbox 1365 2747 1444 2831; x_wconf 89' lang='lat' dir='ltr'>quin</span> <span class='ocrx_word' id='word_1_219' title='bbox 1458 2768 1532 2813; x_wconf 80' lang='lat' dir='ltr'>rere</span> 
     </span>
     <span class='ocr_line' id='line_1_24' title="bbox 359 2854 1533 2940; baseline 0 -20"><span class='ocrx_word' id='word_1_220' title='bbox 359 2855 459 2940; x_wconf 83' lang='lat' dir='ltr'>spurii</span> <span class='ocrx_word' id='word_1_221' title='bbox 480 2855 546 2921; x_wconf 88' lang='lat' dir='ltr'>sint</span> <span class='ocrx_word' id='word_1_222' title='bbox 568 2861 710 2923; x_wconf 81' lang='grc'>565-67</span> <span class='ocrx_word' id='word_1_223' title='bbox 733 2876 828 2920; x_wconf 92' lang='lat' dir='ltr'>nemo</span> <span class='ocrx_word' id='word_1_224' title='bbox 851 2854 997 2921; x_wconf 88' lang='lat' dir='ltr'>dubitare</span> <span class='ocrx_word' id='word_1_225' title='bbox 1013 2855 1116 2921; x_wconf 88' lang='lat' dir='ltr'>debet.</span> <span class='ocrx_word' id='word_1_226' title='bbox 1147 2854 1298 2920; x_wconf 88' lang='lat' dir='ltr'>Fortasse</span> <span class='ocrx_word' id='word_1_227' title='bbox 1314 2854 1430 2939; x_wconf 88' lang='lat' dir='ltr'>duplex</span> <span class='ocrx_word' id='word_1_228' title='bbox 1444 2854 1533 2920; x_wconf 88' lang='lat' dir='ltr'>venit</span> 
     </span>
     <span class='ocr_line' id='line_1_25' title="bbox 358 2961 1534 3043; baseline 0.001 -17"><span class='ocrx_word' id='word_1_229' title='bbox 358 2962 393 3027; x_wconf 90' lang='lat' dir='ltr'>in</span> <span class='ocrx_word' id='word_1_230' title='bbox 415 2966 539 3028; x_wconf 88' lang='lat' dir='ltr'>textum</span> <span class='ocrx_word' id='word_1_231' title='bbox 560 2962 657 3028; x_wconf 89' lang='lat' dir='ltr'>huius</span> <span class='ocrx_word' id='word_1_232' title='bbox 678 2961 742 3028; x_wconf 91' lang='lat' dir='ltr'>loci</span> <span class='ocrx_word' id='word_1_233' title='bbox 763 2963 918 3043; x_wconf 87' lang='lat' dir='ltr'>recensio,</span> <span class='ocrx_word' id='word_1_234' title='bbox 939 2967 977 3028; x_wconf 90' lang='lat' dir='ltr'>nt</span> <span class='ocrx_word' id='word_1_235' title='bbox 997 2964 1119 3028; x_wconf 88' lang='lat' dir='ltr'>factum</span> <span class='ocrx_word' id='word_1_236' title='bbox 1139 2966 1173 3027; x_wconf 93' lang='lat' dir='ltr'>et</span> <span class='ocrx_word' id='word_1_237' title='bbox 1194 2961 1233 3027; x_wconf 93' lang='lat' dir='ltr'>ab</span> <span class='ocrx_word' id='word_1_238' title='bbox 1254 2963 1309 3030; x_wconf 87' lang='lat' dir='ltr'>Ar.</span> <span class='ocrx_word' id='word_1_239' title='bbox 1331 2962 1534 3028; x_wconf 88' lang='lat' dir='ltr'>intellectum</span> 
     </span>
     <span class='ocr_line' id='line_1_26' title="bbox 360 3068 1532 3151; baseline -0.001 -15"><span class='ocrx_word' id='word_1_240' title='bbox 360 3070 418 3136; x_wconf 91' lang='lat' dir='ltr'>Od.</span> <span class='ocrx_word' id='word_1_241' title='bbox 447 3068 671 3139; x_wconf 75' lang='lat' dir='ltr'>‹taso—290.</span> <span class='ocrx_word' id='word_1_242' title='bbox 717 3070 790 3135; x_wconf 91' lang='lat' dir='ltr'>Hoc</span> <span class='ocrx_word' id='word_1_243' title='bbox 816 3070 888 3136; x_wconf 91' lang='lat' dir='ltr'>loco</span> <span class='ocrx_word' id='word_1_244' title='bbox 918 3069 1019 3136; x_wconf 83' lang='lat' dir='ltr'>altera</span> <span class='ocrx_word' id='word_1_245' title='bbox 1050 3070 1195 3135; x_wconf 89' lang='lat' dir='ltr'>recensio</span> <span class='ocrx_word' id='word_1_246' title='bbox 1231 3070 1327 3135; x_wconf 71' lang='lat' dir='ltr'>farerit</span> <span class='ocrx_word' id='word_1_247' title='bbox 1354 3076 1454 3137; x_wconf 87' lang='grc'>541-</span> <span class='ocrx_word' id='word_1_248' title='bbox 1463 3075 1532 3151; x_wconf 85' lang='grc'>564,</span> 
     </span>
     <span class='ocr_line' id='line_1_27' title="bbox 360 3168 1531 3263; baseline 0.001 -22"><span class='ocrx_word' id='word_1_249' title='bbox 360 3175 462 3242; x_wconf 87' lang='lat' dir='ltr'>altera</span> <span class='ocrx_word' id='word_1_250' title='bbox 470 3183 643 3259; x_wconf 83' lang='grc'>541-546,</span> <span class='ocrx_word' id='word_1_251' title='bbox 658 3178 776 3263; x_wconf 87' lang='lat' dir='ltr'>quibus</span> <span class='ocrx_word' id='word_1_252' title='bbox 791 3178 901 3243; x_wconf 88' lang='lat' dir='ltr'>stetim</span> <span class='ocrx_word' id='word_1_253' title='bbox 915 3179 1032 3243; x_wconf 88' lang='lat' dir='ltr'>annexi</span> <span class='ocrx_word' id='word_1_254' title='bbox 1047 3183 1211 3245; x_wconf 85' lang='grc'>565-567</span> <span class='ocrx_word' id='word_1_255' title='bbox 1220 3169 1318 3259; x_wconf 74' lang='grc' dir='ltr'><strong><em>(ἔνθα</em></strong></span> <span class='ocrx_word' id='word_1_256' title='bbox 1331 3168 1358 3254; x_wconf 81' lang='grc' dir='ltr'>χ’</span> <span class='ocrx_word' id='word_1_257' title='bbox 1368 3171 1459 3258; x_wconf 83' lang='grc' dir='ltr'><strong><em>ὅμως</em></strong></span> <span class='ocrx_word' id='word_1_258' title='bbox 1468 3180 1531 3260; x_wconf 90' lang='grc'>-).</span> 
     </span>
     <span class='ocr_line' id='line_1_28' title="bbox 358 3283 1533 3352; baseline -0.002 -2"><span class='ocrx_word' id='word_1_259' title='bbox 358 3284 404 3350; x_wconf 82' lang='lat' dir='ltr'>Et</span> <span class='ocrx_word' id='word_1_260' title='bbox 424 3306 463 3350; x_wconf 93' lang='lat' dir='ltr'>eo</span> <span class='ocrx_word' id='word_1_261' title='bbox 486 3284 564 3350; x_wconf 92' lang='lat' dir='ltr'>olim</span> <span class='ocrx_word' id='word_1_262' title='bbox 585 3285 790 3352; x_wconf 89' lang='lat' dir='ltr'>inclinabam.</span> <span class='ocrx_word' id='word_1_263' title='bbox 819 3283 916 3352; x_wconf 88' lang='lat' dir='ltr'>Nunc</span> <span class='ocrx_word' id='word_1_264' title='bbox 935 3286 983 3351; x_wconf 87' lang='lat' dir='ltr'>ita</span> <span class='ocrx_word' id='word_1_265' title='bbox 1003 3286 1213 3351; x_wconf 90' lang='lat' dir='ltr'>ratiocinatus</span> <span class='ocrx_word' id='word_1_266' title='bbox 1226 3307 1306 3349; x_wconf 89' lang='lat' dir='ltr'>sum</span> <span class='ocrx_word' id='word_1_267' title='bbox 1335 3284 1400 3350; x_wconf 82' lang='lat' dir='ltr'>Gur</span> <span class='ocrx_word' id='word_1_268' title='bbox 1414 3284 1533 3349; x_wconf 87' lang='lat' dir='ltr'>omissa</span> 
     </span>
     <span class='ocr_line' id='line_1_29' title="bbox 360 3391 1532 3479; baseline -0.002 -21"><span class='ocrx_word' id='word_1_269' title='bbox 360 3392 505 3459; x_wconf 87' lang='lat' dir='ltr'>oratione</span> <span class='ocrx_word' id='word_1_270' title='bbox 532 3391 635 3459; x_wconf 88' lang='lat' dir='ltr'>Ulixis</span> <span class='ocrx_word' id='word_1_271' title='bbox 661 3394 856 3461; x_wconf 85' lang='lat' dir='ltr'>recentiores</span> <span class='ocrx_word' id='word_1_272' title='bbox 882 3394 984 3479; x_wconf 88' lang='lat' dir='ltr'>aliqui</span> <span class='ocrx_word' id='word_1_273' title='bbox 1012 3396 1119 3463; x_wconf 89' lang='lat' dir='ltr'>totum</span> <span class='ocrx_word' id='word_1_274' title='bbox 1144 3393 1252 3458; x_wconf 89' lang='lat' dir='ltr'>locum</span> <span class='ocrx_word' id='word_1_275' title='bbox 1277 3393 1323 3456; x_wconf 88' lang='lat' dir='ltr'>ite</span> <span class='ocrx_word' id='word_1_276' title='bbox 1349 3393 1382 3456; x_wconf 91' lang='lat' dir='ltr'>in</span> <span class='ocrx_word' id='word_1_277' title='bbox 1404 3391 1532 3457; x_wconf 85' lang='lat' dir='ltr'>brevius</span> 
     </span>
     <span class='ocr_line' id='line_1_30' title="bbox 359 3493 1531 3588; baseline -0.003 -22"><span class='ocrx_word' id='word_1_278' title='bbox 359 3500 577 3566; x_wconf 85' lang='lat' dir='ltr'>contraxerint</span> <span class='ocrx_word' id='word_1_279' title='bbox 600 3495 744 3581; x_wconf 77' lang='grc' dir='ltr'><strong><em>τεύχεσιν</em></strong></span> <span class='ocrx_word' id='word_1_280' title='bbox 771 3494 853 3588; x_wconf 79' lang='grc' dir='ltr'><strong><em>ἄμφ’</em></strong></span> <span class='ocrx_word' id='word_1_281' title='bbox 878 3495 1050 3586; x_wconf 80' lang='grc' dir='ltr'><strong><em>Ἀχιλῆος,</em></strong></span> <span class='ocrx_word' id='word_1_282' title='bbox 1080 3494 1183 3586; x_wconf 72' lang='grc' dir='ltr'><strong><em>ἔθηκε</em></strong></span> <span class='ocrx_word' id='word_1_283' title='bbox 1210 3495 1246 3564; x_wconf 78' lang='grc' dir='ltr'>δὲ</span> <span class='ocrx_word' id='word_1_284' title='bbox 1267 3494 1389 3563; x_wconf 89' lang='grc' dir='ltr'><strong><em>πότνια</em></strong></span> <span class='ocrx_word' id='word_1_285' title='bbox 1410 3493 1531 3585; x_wconf 78' lang='grc' dir='ltr'><strong><em>μήτηρ·</em></strong></span> 
     </span>
     <span class='ocr_line' id='line_1_31' title="bbox 360 3600 1532 3698; baseline -0.001 -25"><span class='ocrx_word' id='word_1_286' title='bbox 360 3601 445 3673; x_wconf 70' lang='grc' dir='ltr'><strong><em>ἔνθα</em></strong></span> <span class='ocrx_word' id='word_1_287' title='bbox 469 3600 496 3687; x_wconf 80' lang='grc' dir='ltr'>χ’</span> <span class='ocrx_word' id='word_1_288' title='bbox 520 3602 613 3690; x_wconf 79' lang='grc' dir='ltr'><strong><em>ὅμως</em></strong></span> <span class='ocrx_word' id='word_1_289' title='bbox 635 3605 790 3698; x_wconf 78' lang='grc' dir='ltr'><strong><em>προσέφη</em></strong></span> <span class='ocrx_word' id='word_1_290' title='bbox 812 3604 1038 3691; x_wconf 80' lang='grc' dir='ltr'><strong><em>κεχολωμένος</em></strong></span> <span class='ocrx_word' id='word_1_291' title='bbox 1060 3601 1082 3694; x_wconf 74' lang='grc' dir='ltr'><em>ἤ</em></span> <span class='ocrx_word' id='word_1_292' title='bbox 1103 3630 1158 3672; x_wconf 85' lang='grc' dir='ltr'>κεν</span> <span class='ocrx_word' id='word_1_293' title='bbox 1185 3603 1248 3690; x_wconf 77' lang='grc' dir='ltr'>ἐγὼ</span> <span class='ocrx_word' id='word_1_294' title='bbox 1270 3601 1328 3672; x_wconf 91' lang='grc' dir='ltr'>τόν</span> <span class='ocrx_word' id='word_1_295' title='bbox 1349 3612 1435 3673; x_wconf 87' lang='lat' dir='ltr'>certe</span> <span class='ocrx_word' id='word_1_296' title='bbox 1456 3630 1532 3672; x_wconf 88' lang='lat' dir='ltr'>cau·</span> 
     </span>
     <span class='ocr_line' id='line_1_32' title="bbox 360 3715 1531 3802; baseline -0.001 -21"><span class='ocrx_word' id='word_1_297' title='bbox 360 3739 429 3782; x_wconf 91' lang='lat' dir='ltr'>sam</span> <span class='ocrx_word' id='word_1_298' title='bbox 450 3738 516 3782; x_wconf 90' lang='lat' dir='ltr'>non</span> <span class='ocrx_word' id='word_1_299' title='bbox 537 3717 654 3783; x_wconf 86' lang='lat' dir='ltr'>videas.</span> <span class='ocrx_word' id='word_1_300' title='bbox 692 3717 778 3784; x_wconf 82' lang='lat' dir='ltr'>Eum</span> <span class='ocrx_word' id='word_1_301' title='bbox 796 3739 903 3802; x_wconf 87' lang='lat' dir='ltr'>porro,</span> <span class='ocrx_word' id='word_1_302' title='bbox 926 3741 945 3783; x_wconf 94' lang='lat' dir='ltr'>a</span> <span class='ocrx_word' id='word_1_303' title='bbox 967 3739 1031 3802; x_wconf 92' lang='lat' dir='ltr'>quo</span> <span class='ocrx_word' id='word_1_304' title='bbox 1053 3739 1127 3801; x_wconf 86' lang='lat' dir='ltr'>pars</span> <span class='ocrx_word' id='word_1_305' title='bbox 1148 3715 1291 3782; x_wconf 86' lang='lat' dir='ltr'>Necuiae</span> <span class='ocrx_word' id='word_1_306' title='bbox 1312 3717 1457 3801; x_wconf 88' lang='lat' dir='ltr'>proxime</span> <span class='ocrx_word' id='word_1_307' title='bbox 1483 3738 1531 3780; x_wconf 88' lang='lat' dir='ltr'>se-</span> 
     </span>
     <span class='ocr_line' id='line_1_33' title="bbox 361 3823 1531 3911; baseline 0 -24"><span class='ocrx_word' id='word_1_308' title='bbox 361 3845 462 3908; x_wconf 89' lang='lat' dir='ltr'>quens</span> <span class='ocrx_word' id='word_1_309' title='bbox 492 3823 636 3907; x_wconf 86' lang='lat' dir='ltr'>profecta</span> <span class='ocrx_word' id='word_1_310' title='bbox 662 3829 723 3905; x_wconf 80' lang='lat' dir='ltr'>est,</span> <span class='ocrx_word' id='word_1_311' title='bbox 758 3825 927 3911; x_wconf 80' lang='lat' dir='ltr'>egregium</span> <span class='ocrx_word' id='word_1_312' title='bbox 952 3829 1129 3904; x_wconf 83' lang='lat' dir='ltr'>auctorem,</span> <span class='ocrx_word' id='word_1_313' title='bbox 1165 3829 1232 3890; x_wconf 89' lang='lat' dir='ltr'>tam</span> <span class='ocrx_word' id='word_1_314' title='bbox 1257 3825 1369 3908; x_wconf 89' lang='lat' dir='ltr'>inepto</span> <span class='ocrx_word' id='word_1_315' title='bbox 1395 3824 1531 3888; x_wconf 82' lang='lat' dir='ltr'>transitu</span> 
     </span>
     <span class='ocr_line' id='line_1_34' title="bbox 359 3933 1532 4018; baseline -0.002 -20"><span class='ocrx_word' id='word_1_316' title='bbox 359 3953 454 3998; x_wconf 86' lang='lat' dir='ltr'>usum</span> <span class='ocrx_word' id='word_1_317' title='bbox 476 3954 557 4013; x_wconf 89' lang='lat' dir='ltr'>esse,</span> <span class='ocrx_word' id='word_1_318' title='bbox 576 3936 615 3997; x_wconf 91' lang='lat' dir='ltr'>ut</span> <span class='ocrx_word' id='word_1_319' title='bbox 634 3937 807 4018; x_wconf 86' lang='lat' dir='ltr'>postquam</span> <span class='ocrx_word' id='word_1_320' title='bbox 818 3933 929 4001; x_wconf 90' lang='lat' dir='ltr'>Ulixes</span> <span class='ocrx_word' id='word_1_321' title='bbox 953 3934 1133 4001; x_wconf 89' lang='lat' dir='ltr'>orationem</span> <span class='ocrx_word' id='word_1_322' title='bbox 1147 3954 1239 3998; x_wconf 88' lang='lat' dir='ltr'>suam</span> <span class='ocrx_word' id='word_1_323' title='bbox 1252 3936 1441 4017; x_wconf 86' lang='lat' dir='ltr'>persecutus</span> <span class='ocrx_word' id='word_1_324' title='bbox 1456 3934 1532 4010; x_wconf 80' lang='lat' dir='ltr'>erat,</span> 
     </span>
     <span class='ocr_line' id='line_1_35' title="bbox 360 4031 1531 4129; baseline -0.004 -24"><span class='ocrx_word' id='word_1_325' title='bbox 360 4039 545 4106; x_wconf 90' lang='lat' dir='ltr'>adnecteret</span> <span class='ocrx_word' id='word_1_326' title='bbox 570 4033 655 4105; x_wconf 70' lang='grc' dir='ltr'><strong><em>ἔνθα</em></strong></span> <span class='ocrx_word' id='word_1_327' title='bbox 673 4034 701 4120; x_wconf 77' lang='grc' dir='ltr'>χ’</span> <span class='ocrx_word' id='word_1_328' title='bbox 724 4035 815 4123; x_wconf 79' lang='grc' dir='ltr'><strong><em>ὅμως</em></strong></span> <span class='ocrx_word' id='word_1_329' title='bbox 835 4036 991 4129; x_wconf 83' lang='grc' dir='ltr'><strong><em>προσέφη</em></strong></span> <span class='ocrx_word' id='word_1_330' title='bbox 1013 4034 1237 4121; x_wconf 81' lang='grc' dir='ltr'><strong><em>κεχολωμένος</em></strong></span> <span class='ocrx_word' id='word_1_331' title='bbox 1259 4031 1282 4125; x_wconf 81' lang='grc' dir='ltr'>η’</span> <span class='ocrx_word' id='word_1_332' title='bbox 1304 4061 1359 4103; x_wconf 88' lang='grc' dir='ltr'>κεν</span> <span class='ocrx_word' id='word_1_333' title='bbox 1379 4035 1443 4122; x_wconf 78' lang='grc' dir='ltr'>ἐγὼ</span> <span class='ocrx_word' id='word_1_334' title='bbox 1463 4035 1531 4116; x_wconf 83' lang='grc' dir='ltr'><strong><em>τόν,</em></strong></span> 
     </span>
     <span class='ocr_line' id='line_1_36' title="bbox 360 4146 1533 4233; baseline -0.001 -20"><span class='ocrx_word' id='word_1_335' title='bbox 360 4169 402 4213; x_wconf 91' lang='lat' dir='ltr'>ne</span> <span class='ocrx_word' id='word_1_336' title='bbox 428 4148 491 4214; x_wconf 88' lang='lat' dir='ltr'>hoc</span> <span class='ocrx_word' id='word_1_337' title='bbox 517 4148 646 4233; x_wconf 84' lang='lat' dir='ltr'>quidem</span> <span class='ocrx_word' id='word_1_338' title='bbox 671 4148 811 4216; x_wconf 88' lang='lat' dir='ltr'>libenter</span> <span class='ocrx_word' id='word_1_339' title='bbox 838 4151 958 4216; x_wconf 82' lang='lat' dir='ltr'>credas.</span> <span class='ocrx_word' id='word_1_340' title='bbox 1000 4148 1115 4215; x_wconf 87' lang='lat' dir='ltr'>Restat</span> <span class='ocrx_word' id='word_1_341' title='bbox 1145 4148 1284 4215; x_wconf 89' lang='lat' dir='ltr'>tertium.</span> <span class='ocrx_word' id='word_1_342' title='bbox 1328 4146 1393 4213; x_wconf 88' lang='lat' dir='ltr'>Iste</span> <span class='ocrx_word' id='word_1_343' title='bbox 1420 4151 1533 4212; x_wconf 87' lang='lat' dir='ltr'>auctor</span> 
     </span>
    </p>
   </div>
   <div class='ocr_carea' id='block_1_3' title="bbox 427 4382 1299 4455">
    <p class='ocr_par' dir='ltr' id='par_1_3' title="bbox 427 4382 1299 4455">
     <span class='ocr_line' id='line_1_37' title="bbox 427 4382 1299 4455; baseline 0.028 -27"><span class='ocrx_word' id='word_1_344' title='bbox 427 4387 472 4431; x_wconf 71' lang='lat' dir='ltr'>aaa</span> <span class='ocrx_word' id='word_1_345' title='bbox 489 4383 656 4455; x_wconf 79' lang='lat' dir='ltr'>(Oblocntaa</span> <span class='ocrx_word' id='word_1_346' title='bbox 673 4388 716 4441; x_wconf 88' lang='lat' dir='ltr'>est</span> <span class='ocrx_word' id='word_1_347' title='bbox 731 4384 770 4443; x_wconf 88' lang='grc' dir='ltr'>Μ.</span> <span class='ocrx_word' id='word_1_348' title='bbox 787 4383 887 4441; x_wconf 83' lang='lat' dir='ltr'>Hccht.</span> <span class='ocrx_word' id='word_1_349' title='bbox 906 4385 1012 4453; x_wconf 80' lang='lat' dir='ltr'>quaest</span> <span class='ocrx_word' id='word_1_350' title='bbox 1029 4382 1110 4443; x_wconf 82' lang='lat' dir='ltr'>Hom.</span> <span class='ocrx_word' id='word_1_351' title='bbox 1127 4400 1156 4453; x_wconf 86' lang='lat' dir='ltr'>p.</span> <span class='ocrx_word' id='word_1_352' title='bbox 1174 4386 1207 4438; x_wconf 80' lang='lat'>26</span> <span class='ocrx_word' id='word_1_353' title='bbox 1224 4383 1299 4452; x_wconf 65' lang='lat' dir='ltr'>sqq&gt;</span> 
     </span>
    </p>
   </div>
   <div class='ocr_carea' id='block_1_4' title="bbox 0 0 1718 4934">
    <p class='ocr_par' dir='ltr' id='par_1_4' title="bbox 0 0 1718 4934">
     <span class='ocr_line' id='line_1_38' title="bbox 0 0 1718 4934; baseline 0 0"><span class='ocrx_word' id='word_1_354' title='bbox 0 0 1718 4934; x_wconf 95' lang='lat' dir='ltr'> </span> 
     </span>
    </p>
   </div>
  </div>
 </body>
</html>
