3425 4934
355 341 413 403 120
435 332 472 387 Il.
501 330 543 386 De
561 330 739 386 Aristarchee
756 328 955 384 vocabulorum
971 326 1179 384 Homericorum
1197 325 1437 398 interpretatione.

353 501 435 566 libro
457 503 566 566 erutos
587 520 854 566 commemorasse
877 498 975 564 etium
996 496 1071 562 illos
1092 489 1227 573 πόπους
1247 495 1424 581 Scythicos.
1460 495 1525 563 Sed

353 610 394 675 ad
419 613 587 674 occentum
613 608 647 672 in
669 595 697 671 ιό
718 600 828 671 πόποι
855 605 1079 691 explicandum
1104 626 1170 669 non
1192 607 1394 688 apposuerat.
1430 604 1525 682 Quod

353 716 451 782 etium
477 720 609 783 externo
636 715 741 781 adhuc
770 713 866 799 signo
887 713 1010 799 patefit.
1055 710 1192 777 Prorsus
1215 711 1301 776 enim
1322 711 1524 778 incommode

353 828 386 889 et
410 824 579 909 inopinato
607 822 664 888 illa
689 824 787 889 verba
808 813 944 885 Σκύθαι
966 816 1027 905 γὰρ
1049 856 1090 866 -
1110 820 1247 901 intrant,
1267 823 1440 905 postquam
1461 821 1524 886 iam

353 935 448 997 anteo
474 931 595 996 (lictum
626 933 694 996 orat
726 929 830 995 simile
857 929 962 995 visum
987 932 1025 993 ut
1051 914 1079 990 ὦ
1106 919 1219 1014 φίλοι,
1251 926 1314 992 hoo
1344 932 1394 993 est
1420 928 1524 994 simile

353 1041 457 1105 visum
486 1042 642 1124 tanquam
669 1042 755 1105 osset
784 1061 823 1103 ex
854 1060 942 1103 more
970 1025 996 1100 (ό
1024 1058 1096 1101 cum
1122 1034 1263 1100 nomine.
1309 1033 1525 1101 Tentavorunt

353 1149 463 1233 igitur,
484 1149 518 1212 et
530 1146 564 1210 id
580 1146 710 1231 quidem
728 1169 832 1234 genus
853 1143 1076 1211 abnormitatis
1097 1146 1288 1208 accentuum
1308 1144 1524 1228 expediendae

353 1255 593 1320 Herodioueum
614 1258 648 1319 et
668 1241 850 1340 antiquum,
879 1254 926 1318 ite
947 1242 974 1315 ιό
996 1244 1106 1316 πόποι
1128 1249 1286 1335 explicare
1308 1254 1346 1316 ut
1367 1254 1452 1316 esset
1472 1274 1525 1317 sc·

354 1366 466 1428 centus
489 1356 737 1447 όιεψευσμένσς.
777 1361 827 1426 De
848 1383 914 1445 quo
935 1363 973 1425 ut
990 1360 1033 1446 ¹rie
1055 1358 1239 1425 accentibus
1261 1354 1525 1444 κατηναγκασμέ-

354 1491 425 1546 νους
454 1469 495 1534 ed
527 1469 732 1555 explicandos
765 1469 878 1535 titulos
907 1465 1075 1553 Apollonii
1100 1466 1232 1552 Dyscoli
1261 1465 1419 1532 librorum
1449 1464 1527 1549 περὶ

354 1572 601 1662 λιεψευσμένων
626 1571 730 1641 τόνων
755 1579 789 1643 et
814 1571 893 1656 περὶ
921 1568 1239 1660 κατηναγκασμένων
1265 1565 1371 1640 τόνων
1397 1575 1462 1640 dixi
1490 1575 1526 1641 in

353 1686 468 1751 Museo
490 1684 647 1750 Rhenano
670 1682 724 1766 (N.
745 1682 782 1753 F.
803 1682 834 1753 II
854 1707 885 1769 p.
908 1687 990 1766 313).

437 1793 586 1860 Ceterum
605 1793 687 1859 illud
708 1787 746 1856 ἐκ
767 1793 828 1858 τοῦ
846 1787 1041 1873 ὑπολαβεῖν,
1065 1791 1152 1876 quod
1172 1794 1222 1857 est
1243 1792 1329 1877 apud
1348 1790 1525 1876 Theogno·

354 1905 449 1983 stum,
469 1901 580 1967 licebit
594 1901 813 1985 significanter
825 1900 947 1966 dictum
961 1902 1083 1985 putare,
1105 1894 1142 1963 ἐκ
1155 1902 1214 1965 τοῦ
1235 1889 1407 1984 ὑπόληψιν
1427 1889 1523 1976 εἶναι,

354 2011 375 2077 i.
398 2033 425 2078 e.
446 2011 661 2094 praesumtum
684 2009 878 2094 opinionem,
901 2002 1084 2094 πρόληψιν.

819 2213 1054 2222 ..----

868 2421 1014 2491 Metto

356 2608 381 2647 c.
409 2584 494 2665 ι’νιρῒπ
523 2606 683 2667 uunquam
706 2581 965 2668 szpmficatoonem
989 2580 1136 2665 temporie
1160 2577 1253 2665 opud
1272 2593 1400 2664 poetam
1427 2578 1526 2645 habet

439 2753 546 2818 11326
563 2741 673 2835 τόφρα
688 2744 750 2831 γὰρ
766 2743 800 2825 ἐς
820 2742 959 2831 στρατὸν
980 2735 1050 2827 εἶμι
1071 2740 1268 2829 διαμπερές,
1293 2737 1368 2832 ὄφρ’
1386 2737 1427 2807 όν
1447 2743 1528 2809 ἵκω-

356 2881 419 2941 μαι
434 2849 487 2943 νῆ’
502 2849 775 2942 Ἀγαμεμνονέην,
798 2851 861 2920 tou
875 2877 942 2920 που
960 2849 1140 2936 μέλλουσιν
1153 2846 1285 2939 όριστοι
1303 2850 1430 2936 βουλὰς
1449 2857 1529 2936 βου-

357 2958 481 3031 λεόεινε
513 2960 715 3047 (μέλλουσιν)
743 2957 896 3029 uinitori
918 2956 1063 3028 ἐοίκασι·
1093 2956 1150 3026 καὶ
1171 2955 1275 3038 οὕτως
1298 2953 1351 3027 ἀεὶ
1374 2957 1530 3049 κέχρησαι

356 3077 397 3161 τῇ
423 3068 520 3152 λέξει.
565 3075 605 3137 Λ
626 3078 685 3142 817
714 3061 759 3151 riis
785 3064 837 3156 ἱέρ’
861 3066 1015 3153 ἐμέλλετε
1040 3069 1121 3155 τῆλε
1147 3063 1257 3158 φίλων
1284 3066 1342 3136 καὶ
1366 3064 1529 3156 πατρίδος

294 3191 338 3243 121
359 3173 435 3265 αἴης
453 3172 548 3245 όσειν
569 3176 604 3246 έν
628 3175 731 3269 Τροίῃ
756 3177 876 3261 ταχέας
896 3171 1011 3255 κόναςε
1036 3172 1067 3265 (ἡ
1093 3176 1211 3264 διπλῆ)
1233 3171 1286 3244 ὅτι
1308 3169 1381 3243 ἀντὶ
1402 3181 1461 3245 τοῦ
1482 3171 1529 3257 ὥς

357 3282 446 3365 εἰκὸς
459 3279 510 3376 ἦν,
534 3282 580 3366 ὥς
600 3280 822 3372 όποκεόμενυν
842 3279 923 3375 ἦν63
943 3281 1021 3370 ὑμῖν
1040 3284 1079 3353 τὸ
1102 3287 1236 3352 παθεῖν.
1270 3289 1310 3351 Π
1324 3293 1365 3355 46
1379 3276 1424 3364 όλς
1438 3281 1528 3375 privo

357 3390 551 3478 λισσόμενος
575 3392 662 3482 μέγα
685 3392 817 3483 νήπιος·
847 3386 870 3483 ἦ
892 3394 954 3480 γὰρ
983 3390 1119 3478 ἔμελλεν
1146 3384 1182 3459 οἷ
1203 3386 1294 3481 αὐτῷ
1317 3391 1468 3467 ,θάνατόν
1493 3418 1529 3462 τε

275 3508 346 3577 (¹²5)
359 3501 461 3573 κακὸν
473 3501 530 3571 καὶ
551 3509 637 3593 κῆρα
659 3502 833 3572 cretaeae.-
854 3498 885 3591 (ἡ
903 3503 1022 3589 διπλῆ)
1044 3497 1097 3569 ότι
1116 3498 1175 3566 καὶ
1195 3505 1251 3565 νῦν
1271 3501 1309 3568 τὸ
1331 3497 1449 3586 ἔμελλε
1469 3524 1529 3569 σα-

357 3616 431 3700 φῶς
445 3606 505 3679 οὐκ
520 3610 577 3679 ἐπὶ
590 3606 722 3698 χρόνου·
744 3605 782 3679 οὗ
805 3610 867 3697 μὰρ
887 3607 1006 3695 ἔμελλε
1028 3603 1240 3689 λιτανεόσειν,
1265 3604 1339 3675 ἀλλ’
1363 3604 1529 3676 έλιεόνευ-

357 3832 396 3894 Α
416 3837 486 3899 564.
513 3833 543 3894 Β
565 3836 614 3899 36.
639 3837 707 3900 116.
729 3833 769 3895 Λ
789 3837 839 3899 54.
870 3831 914 3893 Μ
933 3834 982 3896 34.
1011 3834 1045 3890 Ν
1065 3835 1136 3897 226.
1158 3837 1226 3897 777.
1253 3824 1375 3897 Ξ125.
1406 3829 1526 3896 0661.

362 3943 393 4002 (D
414 3945 465 4010 83.
494 3943 531 4001 Χ
549 3944 618 4007 356.
655 3941 687 4002 Ψ
706 3946 776 4006 544.
812 3938 843 4001 Ω
865 3944 914 4006 46.
939 3943 978 4004 85
1006 3937 1075 4022 (qui
1102 3941 1210 4002 tumen
1235 3937 1326 4003 locus
1352 3936 1527 4002 miserrime

358 4052 526 4132 corruptus
545 4050 614 4129 est).
649 4046 702 4111 Ad
719 4046 997 4131 interpretandum
1018 4045 1139 4130 ubique
1163 4045 1296 4112 adhibet
1315 4038 1416 4121 ἔοικε,
1440 4043 1529 4128 quod

357 4157 391 4222 id
405 4155 579 4242 significari
596 4154 674 4234 vult,
696 4154 784 4238 quod
798 4154 849 4219 vel
862 4154 930 4220 feto
953 4153 1004 4219 vel
1024 4175 1131 4219 rerum
1153 4154 1338 4219 conditione
1359 4153 1427 4218 fieri
1449 4173 1527 4218 oon·

424 4324 450 4365 ⁶³
466 4322 539 4377 Hinc
560 4320 679 4376 emendo
696 4319 830 4375 Zonarcm
847 4338 874 4389 p.
894 4326 942 4377 707
962 4314 1081 4387 ἔμελλεν
1097 4316 1251 4388 έφαλνετσ,
1269 4311 1422 4384 ἀπέκειτο,
1440 4306 1527 4391 ἐῴκει

358 4398 427 4485 παρ’
441 4395 559 4480 Ὁμήρῳ.
576 4406 606 4464 L.
623 4402 769 4462 ὑπέκειτο.
