<?xml version="1.0" encoding="UTF-8"?>
<!DOCTYPE html PUBLIC "-//W3C//DTD XHTML 1.0 Transitional//EN"
    "http://www.w3.org/TR/xhtml1/DTD/xhtml1-transitional.dtd">
<html xmlns="http://www.w3.org/1999/xhtml" xml:lang="en" lang="en">
 <head>
  <title>
</title>
<meta http-equiv="Content-Type" content="text/html;charset=utf-8" />
  <meta name='ocr-system' content='tesseract 3.04.00' />
  <meta name='ocr-capabilities' content='ocr_page ocr_carea ocr_par ocr_line ocrx_word'/>
</head>
<body>
  <div class='ocr_page' id='page_1' title='image "./dearistarchistu00ludwgoog/dearistarchistu00ludwgoog_0230.png"; bbox 0 0 3425 4934; ppageno 0'>
   <div class='ocr_carea' id='block_1_1' title="bbox 387 329 1369 404">
    <p class='ocr_par' dir='ltr' id='par_1_1' title="bbox 387 329 1369 404">
     <span class='ocr_line' id='line_1_1' title="bbox 387 329 1369 404; baseline 0 -15"><span class='ocrx_word' id='word_1_1' title='bbox 387 337 449 403; x_wconf 83' lang='lat'>208</span> <span class='ocrx_word' id='word_1_2' title='bbox 569 329 616 388; x_wconf 88' lang='lat'>111.</span> <span class='ocrx_word' id='word_1_3' title='bbox 640 330 681 388; x_wconf 91' lang='lat' dir='ltr'>De</span> <span class='ocrx_word' id='word_1_4' title='bbox 697 332 850 389; x_wconf 81' lang='lat' dir='ltr'>Aristarchi</span> <span class='ocrx_word' id='word_1_5' title='bbox 867 330 986 390; x_wconf 90' lang='lat' dir='ltr'>scientia</span> <span class='ocrx_word' id='word_1_6' title='bbox 1002 329 1180 404; x_wconf 69' lang='lat' dir='ltr'><strong>antiquitatis</strong></span> <span class='ocrx_word' id='word_1_7' title='bbox 1196 331 1369 390; x_wconf 79' lang='lat' dir='ltr'><strong>Homericae.</strong></span> 
     </span>
    </p>
   </div>
   <div class='ocr_carea' id='block_1_2' title="bbox 304 497 1558 1232">
    <p class='ocr_par' dir='ltr' id='par_1_2' title="bbox 304 497 1558 1232">
     <span class='ocr_line' id='line_1_2' title="bbox 388 497 1557 587; baseline 0.005 -25"><span class='ocrx_word' id='word_1_8' title='bbox 388 497 530 584; x_wconf 88' lang='lat' dir='ltr'>colloqui</span> <span class='ocrx_word' id='word_1_9' title='bbox 557 504 720 586; x_wconf 88' lang='lat' dir='ltr'>poterant,</span> <span class='ocrx_word' id='word_1_10' title='bbox 744 501 864 567; x_wconf 91' lang='lat' dir='ltr'>librum</span> <span class='ocrx_word' id='word_1_11' title='bbox 890 523 1020 587; x_wconf 90' lang='lat' dir='ltr'>quoque</span> <span class='ocrx_word' id='word_1_12' title='bbox 1046 524 1155 568; x_wconf 89' lang='lat' dir='ltr'>secum</span> <span class='ocrx_word' id='word_1_13' title='bbox 1175 503 1322 568; x_wconf 88' lang='lat' dir='ltr'>ferebant</span> <span class='ocrx_word' id='word_1_14' title='bbox 1342 500 1437 586; x_wconf 83' lang='lat' dir='ltr'>(Geli.</span> <span class='ocrx_word' id='word_1_15' title='bbox 1458 500 1506 566; x_wconf 93' lang='lat' dir='ltr'>III</span> <span class='ocrx_word' id='word_1_16' title='bbox 1529 509 1557 568; x_wconf 89' lang='lat'>1.</span> 
     </span>
     <span class='ocr_line' id='line_1_3' title="bbox 388 605 1558 695; baseline 0.001 -23"><span class='ocrx_word' id='word_1_17' title='bbox 388 605 435 672; x_wconf 89' lang='lat' dir='ltr'>VI</span> <span class='ocrx_word' id='word_1_18' title='bbox 459 610 524 689; x_wconf 71' lang='lat' dir='ltr'>lbi:</span> <span class='ocrx_word' id='word_1_19' title='bbox 559 612 701 675; x_wconf 76' lang='lat' dir='ltr'><strong>attamen</strong></span> <span class='ocrx_word' id='word_1_20' title='bbox 726 608 847 675; x_wconf 90' lang='lat' dir='ltr'>multae</span> <span class='ocrx_word' id='word_1_21' title='bbox 873 609 970 675; x_wconf 90' lang='lat' dir='ltr'>huius</span> <span class='ocrx_word' id='word_1_22' title='bbox 997 631 1151 695; x_wconf 78' lang='lat' dir='ltr'>operosae</span> <span class='ocrx_word' id='word_1_23' title='bbox 1184 609 1348 675; x_wconf 85' lang='lat' dir='ltr'>doctrinae</span> <span class='ocrx_word' id='word_1_24' title='bbox 1373 613 1496 694; x_wconf 85' lang='lat' dir='ltr'>partes,</span> <span class='ocrx_word' id='word_1_25' title='bbox 1524 610 1558 673; x_wconf 88' lang='lat' dir='ltr'>et</span> 
     </span>
     <span class='ocr_line' id='line_1_4' title="bbox 387 714 1557 802; baseline 0.001 -23"><span class='ocrx_word' id='word_1_26' title='bbox 387 714 598 781; x_wconf 80' lang='lat' dir='ltr'>solidissimae</span> <span class='ocrx_word' id='word_1_27' title='bbox 628 717 771 801; x_wconf 89' lang='lat' dir='ltr'>quidem,</span> <span class='ocrx_word' id='word_1_28' title='bbox 801 722 858 782; x_wconf 89' lang='lat' dir='ltr'>aut</span> <span class='ocrx_word' id='word_1_29' title='bbox 887 739 953 782; x_wconf 93' lang='lat' dir='ltr'>non</span> <span class='ocrx_word' id='word_1_30' title='bbox 979 721 1130 802; x_wconf 89' lang='lat' dir='ltr'>poterant</span> <span class='ocrx_word' id='word_1_31' title='bbox 1156 716 1203 782; x_wconf 93' lang='lat' dir='ltr'>ibi</span> <span class='ocrx_word' id='word_1_32' title='bbox 1231 717 1362 782; x_wconf 65' lang='lat' dir='ltr'>mactari</span> <span class='ocrx_word' id='word_1_33' title='bbox 1387 719 1445 782; x_wconf 92' lang='lat' dir='ltr'>aut</span> <span class='ocrx_word' id='word_1_34' title='bbox 1464 714 1557 780; x_wconf 89' lang='lat' dir='ltr'>male.</span> 
     </span>
     <span class='ocr_line' id='line_1_5' title="bbox 386 820 1556 909; baseline 0.003 -24"><span class='ocrx_word' id='word_1_35' title='bbox 386 820 450 886; x_wconf 83' lang='lat' dir='ltr'>Vix</span> <span class='ocrx_word' id='word_1_36' title='bbox 470 822 572 909; x_wconf 86' lang='lat' dir='ltr'>igitur</span> <span class='ocrx_word' id='word_1_37' title='bbox 592 822 805 889; x_wconf 90' lang='lat' dir='ltr'>dubitandum</span> <span class='ocrx_word' id='word_1_38' title='bbox 826 828 888 902; x_wconf 88' lang='lat' dir='ltr'>est,</span> <span class='ocrx_word' id='word_1_39' title='bbox 917 825 996 909; x_wconf 90' lang='lat' dir='ltr'>quin</span> <span class='ocrx_word' id='word_1_40' title='bbox 1017 825 1087 892; x_wconf 88' lang='lat' dir='ltr'>sine</span> <span class='ocrx_word' id='word_1_41' title='bbox 1114 823 1416 890; x_wconf 86' lang='lat' dir='ltr'>commentariorum</span> <span class='ocrx_word' id='word_1_42' title='bbox 1437 822 1556 888; x_wconf 92' lang='lat' dir='ltr'>biblio·</span> 
     </span>
     <span class='ocr_line' id='line_1_6' title="bbox 386 929 1557 1017; baseline -0.001 -22"><span class='ocrx_word' id='word_1_43' title='bbox 386 929 615 1015; x_wconf 87' lang='lat' dir='ltr'>thecarumque</span> <span class='ocrx_word' id='word_1_44' title='bbox 640 930 825 998; x_wconf 88' lang='lat' dir='ltr'>adiumento</span> <span class='ocrx_word' id='word_1_45' title='bbox 845 934 1071 998; x_wconf 81' lang='lat' dir='ltr'>conversantes</span> <span class='ocrx_word' id='word_1_46' title='bbox 1092 930 1293 1017; x_wconf 87' lang='lat' dir='ltr'>grammatici</span> <span class='ocrx_word' id='word_1_47' title='bbox 1315 930 1402 997; x_wconf 91' lang='lat' dir='ltr'>haud</span> <span class='ocrx_word' id='word_1_48' title='bbox 1421 951 1495 995; x_wconf 88' lang='lat' dir='ltr'>raro</span> <span class='ocrx_word' id='word_1_49' title='bbox 1516 930 1557 994; x_wconf 88' lang='lat' dir='ltr'>ad</span> 
     </span>
     <span class='ocr_line' id='line_1_7' title="bbox 304 1028 1557 1123; baseline 0.002 -26"><span class='ocrx_word' id='word_1_50' title='bbox 304 1041 376 1113; x_wconf 80' lang='grc'>(111)</span> <span class='ocrx_word' id='word_1_51' title='bbox 387 1037 540 1103; x_wconf 88' lang='lat' dir='ltr'>minutias</span> <span class='ocrx_word' id='word_1_52' title='bbox 560 1035 715 1122; x_wconf 90' lang='lat' dir='ltr'>lususque</span> <span class='ocrx_word' id='word_1_53' title='bbox 735 1038 860 1123; x_wconf 88' lang='lat' dir='ltr'>ingenii</span> <span class='ocrx_word' id='word_1_54' title='bbox 881 1039 1114 1105; x_wconf 88' lang='lat' dir='ltr'>delaberentur.</span> <span class='ocrx_word' id='word_1_55' title='bbox 1153 1038 1239 1116; x_wconf 83' lang='lat' dir='ltr'>Quid</span> <span class='ocrx_word' id='word_1_56' title='bbox 1263 1059 1359 1123; x_wconf 91' lang='lat' dir='ltr'>porro</span> <span class='ocrx_word' id='word_1_57' title='bbox 1385 1036 1435 1102; x_wconf 92' lang='lat' dir='ltr'>illi</span> <span class='ocrx_word' id='word_1_58' title='bbox 1457 1028 1557 1100; x_wconf 77' lang='grc' dir='ltr'><strong><em>ἀνιεί-</em></strong></span> 
     </span>
     <span class='ocr_line' id='line_1_8' title="bbox 386 1138 1556 1232; baseline 0.001 -24"><span class='ocrx_word' id='word_1_59' title='bbox 386 1166 462 1228; x_wconf 83' lang='grc' dir='ltr'><strong><em>ριτα</em></strong></span> <span class='ocrx_word' id='word_1_60' title='bbox 488 1138 685 1231; x_wconf 75' lang='grc' dir='ltr'><strong><em>δηριόωντες</em></strong></span> <span class='ocrx_word' id='word_1_61' title='bbox 706 1142 872 1211; x_wconf 80' lang='grc' dir='ltr'><strong><em>Μουσέων</em></strong></span> <span class='ocrx_word' id='word_1_62' title='bbox 901 1141 937 1211; x_wconf 73' lang='grc' dir='ltr'><strong><em>ἐν</em></strong></span> <span class='ocrx_word' id='word_1_63' title='bbox 960 1140 1094 1232; x_wconf 83' lang='grc' dir='ltr'><em>ταλάρῳ</em></span> <span class='ocrx_word' id='word_1_64' title='bbox 1121 1146 1155 1211; x_wconf 90' lang='lat' dir='ltr'>in</span> <span class='ocrx_word' id='word_1_65' title='bbox 1184 1146 1312 1232; x_wconf 86' lang='lat' dir='ltr'>syssitio</span> <span class='ocrx_word' id='word_1_66' title='bbox 1343 1166 1402 1211; x_wconf 89' lang='lat' dir='ltr'>suo</span> <span class='ocrx_word' id='word_1_67' title='bbox 1430 1143 1556 1228; x_wconf 88' lang='lat' dir='ltr'>discep-</span> 
     </span>
    </p>
   </div>
   <div class='ocr_carea' id='block_1_3' title="bbox 276 1251 1588 3592">
    <p class='ocr_par' dir='ltr' id='par_1_3' title="bbox 276 1251 1588 3592">
     <span class='ocr_line' id='line_1_9' title="bbox 386 1251 1556 1339; baseline 0 -22"><span class='ocrx_word' id='word_1_68' title='bbox 386 1251 525 1318; x_wconf 81' lang='lat' dir='ltr'>taverint</span> <span class='ocrx_word' id='word_1_69' title='bbox 542 1274 608 1318; x_wconf 90' lang='lat' dir='ltr'>non</span> <span class='ocrx_word' id='word_1_70' title='bbox 629 1253 737 1338; x_wconf 90' lang='lat' dir='ltr'>accepi</span> <span class='ocrx_word' id='word_1_71' title='bbox 759 1253 902 1338; x_wconf 84' lang='lat' dir='ltr'>quidem:</span> <span class='ocrx_word' id='word_1_72' title='bbox 923 1253 980 1319; x_wconf 90' lang='lat' dir='ltr'>sed</span> <span class='ocrx_word' id='word_1_73' title='bbox 1001 1254 1108 1320; x_wconf 90' lang='lat' dir='ltr'>nescio</span> <span class='ocrx_word' id='word_1_74' title='bbox 1131 1254 1292 1339; x_wconf 88' lang='lat' dir='ltr'>quomodo</span> <span class='ocrx_word' id='word_1_75' title='bbox 1314 1252 1442 1338; x_wconf 88' lang='lat' dir='ltr'>patulas</span> <span class='ocrx_word' id='word_1_76' title='bbox 1463 1273 1556 1317; x_wconf 90' lang='lat' dir='ltr'>aures</span> 
     </span>
     <span class='ocr_line' id='line_1_10' title="bbox 386 1359 1556 1446; baseline 0 -23"><span class='ocrx_word' id='word_1_77' title='bbox 386 1359 570 1425; x_wconf 81' lang='lat' dir='ltr'>admoventi</span> <span class='ocrx_word' id='word_1_78' title='bbox 603 1359 920 1445; x_wconf 74' lang='lat' dir='ltr'>quaestiuncularum</span> <span class='ocrx_word' id='word_1_79' title='bbox 950 1383 1099 1427; x_wconf 87' lang='lat' dir='ltr'>susurrus</span> <span class='ocrx_word' id='word_1_80' title='bbox 1128 1361 1298 1446; x_wconf 85' lang='lat' dir='ltr'>adstrepit.</span> <span class='ocrx_word' id='word_1_81' title='bbox 1337 1359 1376 1426; x_wconf 93' lang='lat' dir='ltr'>In</span> <span class='ocrx_word' id='word_1_82' title='bbox 1403 1359 1556 1425; x_wconf 80' lang='lat' dir='ltr'>conviviis</span> 
     </span>
     <span class='ocr_line' id='line_1_11' title="bbox 387 1465 1557 1553; baseline -0.002 -22"><span class='ocrx_word' id='word_1_83' title='bbox 387 1465 472 1531; x_wconf 91' lang='lat' dir='ltr'>enim</span> <span class='ocrx_word' id='word_1_84' title='bbox 487 1466 695 1542; x_wconf 89' lang='lat' dir='ltr'>eruditorum,</span> <span class='ocrx_word' id='word_1_85' title='bbox 718 1488 800 1551; x_wconf 91' lang='lat' dir='ltr'>quae</span> <span class='ocrx_word' id='word_1_86' title='bbox 818 1469 904 1553; x_wconf 89' lang='lat' dir='ltr'>apud</span> <span class='ocrx_word' id='word_1_87' title='bbox 926 1472 1100 1553; x_wconf 87' lang='lat' dir='ltr'>utrumque</span> <span class='ocrx_word' id='word_1_88' title='bbox 1121 1468 1276 1553; x_wconf 92' lang='lat' dir='ltr'>populum</span> <span class='ocrx_word' id='word_1_89' title='bbox 1297 1466 1557 1552; x_wconf 88' lang='lat' dir='ltr'>frequentissima</span> 
     </span>
     <span class='ocr_line' id='line_1_12' title="bbox 386 1573 1588 1661; baseline -0.002 -21"><span class='ocrx_word' id='word_1_90' title='bbox 386 1576 485 1646; x_wconf 87' lang='lat' dir='ltr'>erant,</span> <span class='ocrx_word' id='word_1_91' title='bbox 506 1573 787 1659; x_wconf 88' lang='lat' dir='ltr'>proponendarum</span> <span class='ocrx_word' id='word_1_92' title='bbox 800 1573 1089 1661; x_wconf 82' lang='lat' dir='ltr'>solvendarumque</span> <span class='ocrx_word' id='word_1_93' title='bbox 1104 1575 1329 1660; x_wconf 87' lang='lat' dir='ltr'>quaestionum</span> <span class='ocrx_word' id='word_1_94' title='bbox 1349 1574 1556 1660; x_wconf 85' lang='lat' dir='ltr'>pervulgatus</span> <span class='ocrx_word' id='word_1_95' title='bbox 1585 1589 1588 1595; x_wconf 86' lang='grc'><strong><em>·</em></strong></span> 
     </span>
     <span class='ocr_line' id='line_1_13' title="bbox 386 1681 1555 1767; baseline 0.001 -22"><span class='ocrx_word' id='word_1_96' title='bbox 386 1703 455 1746; x_wconf 89' lang='lat' dir='ltr'>mos</span> <span class='ocrx_word' id='word_1_97' title='bbox 484 1684 516 1746; x_wconf 88' lang='lat' dir='ltr'>et</span> <span class='ocrx_word' id='word_1_98' title='bbox 542 1682 633 1765; x_wconf 89' lang='lat' dir='ltr'>quasi</span> <span class='ocrx_word' id='word_1_99' title='bbox 659 1683 789 1767; x_wconf 89' lang='lat' dir='ltr'>propria</span> <span class='ocrx_word' id='word_1_100' title='bbox 815 1682 908 1748; x_wconf 89' lang='lat' dir='ltr'>sedes</span> <span class='ocrx_word' id='word_1_101' title='bbox 933 1682 1004 1749; x_wconf 90' lang='lat' dir='ltr'>fuit.</span> <span class='ocrx_word' id='word_1_102' title='bbox 1048 1681 1226 1766; x_wconf 90' lang='lat' dir='ltr'>Postquam</span> <span class='ocrx_word' id='word_1_103' title='bbox 1248 1681 1335 1747; x_wconf 90' lang='lat' dir='ltr'>enim</span> <span class='ocrx_word' id='word_1_104' title='bbox 1360 1682 1401 1747; x_wconf 89' lang='lat' dir='ltr'>ad</span> <span class='ocrx_word' id='word_1_105' title='bbox 1423 1681 1555 1766; x_wconf 89' lang='lat' dir='ltr'>epulan·</span> 
     </span>
     <span class='ocr_line' id='line_1_14' title="bbox 386 1788 1556 1868; baseline 0 -16"><span class='ocrx_word' id='word_1_106' title='bbox 386 1788 463 1853; x_wconf 92' lang='lat' dir='ltr'>dum</span> <span class='ocrx_word' id='word_1_107' title='bbox 483 1788 588 1854; x_wconf 85' lang='lat' dir='ltr'>vocati</span> <span class='ocrx_word' id='word_1_108' title='bbox 610 1789 724 1854; x_wconf 90' lang='lat' dir='ltr'>edendi</span> <span class='ocrx_word' id='word_1_109' title='bbox 745 1788 913 1855; x_wconf 89' lang='lat' dir='ltr'>libidinem</span> <span class='ocrx_word' id='word_1_110' title='bbox 935 1790 1107 1868; x_wconf 81' lang='lat' dir='ltr'>exuissent,</span> <span class='ocrx_word' id='word_1_111' title='bbox 1127 1788 1261 1854; x_wconf 90' lang='lat' dir='ltr'>bibendi</span> <span class='ocrx_word' id='word_1_112' title='bbox 1279 1788 1468 1866; x_wconf 86' lang='lat' dir='ltr'>induissent,</span> <span class='ocrx_word' id='word_1_113' title='bbox 1486 1790 1556 1852; x_wconf 92' lang='lat' dir='ltr'>tum</span> 
     </span>
     <span class='ocr_line' id='line_1_15' title="bbox 276 1894 1555 1981; baseline 0.003 -26"><span class='ocrx_word' id='word_1_114' title='bbox 276 1937 283 1956; x_wconf 56' lang='grc' dir='ltr'><strong><em>ι</em></strong></span> <span class='ocrx_word' id='word_1_115' title='bbox 320 1895 507 1960; x_wconf 67' lang='lat' dir='ltr'>ulmensis</span> <span class='ocrx_word' id='word_1_116' title='bbox 528 1896 724 1975; x_wconf 82' lang='lat' dir='ltr'>remotis¹²⁷,</span> <span class='ocrx_word' id='word_1_117' title='bbox 744 1895 871 1980; x_wconf 90' lang='lat' dir='ltr'>poculis</span> <span class='ocrx_word' id='word_1_118' title='bbox 892 1895 1094 1977; x_wconf 81' lang='lat' dir='ltr'>ministratis,</span> <span class='ocrx_word' id='word_1_119' title='bbox 1120 1896 1162 1961; x_wconf 91' lang='lat' dir='ltr'>ad</span> <span class='ocrx_word' id='word_1_120' title='bbox 1183 1896 1311 1961; x_wconf 90' lang='lat' dir='ltr'>doctam</span> <span class='ocrx_word' id='word_1_121' title='bbox 1332 1894 1555 1981; x_wconf 81' lang='lat' dir='ltr'>garrulitatem</span> 
     </span>
     <span class='ocr_line' id='line_1_16' title="bbox 383 2003 1555 2089; baseline -0.002 -20"><span class='ocrx_word' id='word_1_122' title='bbox 383 2025 453 2069; x_wconf 87' lang='lat' dir='ltr'>sese</span> <span class='ocrx_word' id='word_1_123' title='bbox 467 2003 649 2088; x_wconf 82' lang='lat' dir='ltr'>accingere:</span> <span class='ocrx_word' id='word_1_124' title='bbox 671 2003 792 2088; x_wconf 90' lang='lat' dir='ltr'>qnippe</span> <span class='ocrx_word' id='word_1_125' title='bbox 806 2026 913 2089; x_wconf 92' lang='lat' dir='ltr'>neque</span> <span class='ocrx_word' id='word_1_126' title='bbox 929 2004 1011 2069; x_wconf 91' lang='lat' dir='ltr'>muti</span> <span class='ocrx_word' id='word_1_127' title='bbox 1025 2026 1095 2070; x_wconf 91' lang='lat' dir='ltr'>esse</span> <span class='ocrx_word' id='word_1_128' title='bbox 1116 2007 1276 2088; x_wconf 88' lang='lat' dir='ltr'>poterant,</span> <span class='ocrx_word' id='word_1_129' title='bbox 1295 2003 1445 2070; x_wconf 89' lang='lat' dir='ltr'>homines</span> <span class='ocrx_word' id='word_1_130' title='bbox 1465 2023 1555 2086; x_wconf 80' lang='lat' dir='ltr'>prae</span> 
     </span>
     <span class='ocr_line' id='line_1_17' title="bbox 384 2109 1555 2196; baseline -0.003 -19"><span class='ocrx_word' id='word_1_131' title='bbox 384 2111 495 2177; x_wconf 90' lang='lat' dir='ltr'>sertim</span> <span class='ocrx_word' id='word_1_132' title='bbox 516 2109 643 2190; x_wconf 77' lang='lat' dir='ltr'>Graeci,</span> <span class='ocrx_word' id='word_1_133' title='bbox 671 2133 754 2196; x_wconf 90' lang='lat' dir='ltr'>quos</span> <span class='ocrx_word' id='word_1_134' title='bbox 780 2112 814 2176; x_wconf 93' lang='lat' dir='ltr'>in</span> <span class='ocrx_word' id='word_1_135' title='bbox 841 2110 957 2176; x_wconf 87' lang='lat' dir='ltr'>litteris</span> <span class='ocrx_word' id='word_1_136' title='bbox 987 2133 1117 2195; x_wconf 92' lang='lat' dir='ltr'>quoque</span> <span class='ocrx_word' id='word_1_137' title='bbox 1144 2111 1289 2176; x_wconf 90' lang='lat' dir='ltr'>omnium</span> <span class='ocrx_word' id='word_1_138' title='bbox 1309 2109 1555 2194; x_wconf 88' lang='lat' dir='ltr'>loquacissimos</span> 
     </span>
     <span class='ocr_line' id='line_1_18' title="bbox 385 2216 1555 2303; baseline -0.004 -18"><span class='ocrx_word' id='word_1_139' title='bbox 385 2242 454 2285; x_wconf 88' lang='lat' dir='ltr'>esse</span> <span class='ocrx_word' id='word_1_140' title='bbox 477 2218 593 2285; x_wconf 88' lang='lat' dir='ltr'>Strabo</span> <span class='ocrx_word' id='word_1_141' title='bbox 615 2217 778 2302; x_wconf 82' lang='lat' dir='ltr'>professus</span> <span class='ocrx_word' id='word_1_142' title='bbox 800 2221 862 2298; x_wconf 88' lang='lat' dir='ltr'>est,</span> <span class='ocrx_word' id='word_1_143' title='bbox 883 2239 989 2303; x_wconf 87' lang='lat' dir='ltr'>neque</span> <span class='ocrx_word' id='word_1_144' title='bbox 1011 2217 1157 2285; x_wconf 85' lang='lat' dir='ltr'>difficiles</span> <span class='ocrx_word' id='word_1_145' title='bbox 1178 2217 1218 2284; x_wconf 91' lang='lat' dir='ltr'>iis</span> <span class='ocrx_word' id='word_1_146' title='bbox 1240 2223 1274 2284; x_wconf 92' lang='lat' dir='ltr'>et</span> <span class='ocrx_word' id='word_1_147' title='bbox 1294 2217 1485 2284; x_wconf 84' lang='lat' dir='ltr'>convivandi</span> <span class='ocrx_word' id='word_1_148' title='bbox 1505 2216 1555 2281; x_wconf 93' lang='lat' dir='ltr'>hi·</span> 
     </span>
     <span class='ocr_line' id='line_1_19' title="bbox 384 2325 1555 2412; baseline 0.002 -22"><span class='ocrx_word' id='word_1_149' title='bbox 384 2325 505 2391; x_wconf 88' lang='lat' dir='ltr'>laritati</span> <span class='ocrx_word' id='word_1_150' title='bbox 527 2347 641 2410; x_wconf 87' lang='lat' dir='ltr'>parum</span> <span class='ocrx_word' id='word_1_151' title='bbox 661 2328 755 2410; x_wconf 89' lang='lat' dir='ltr'>aptae</span> <span class='ocrx_word' id='word_1_152' title='bbox 778 2326 1013 2412; x_wconf 86' lang='lat' dir='ltr'>disputationes</span> <span class='ocrx_word' id='word_1_153' title='bbox 1034 2326 1205 2411; x_wconf 87' lang='lat' dir='ltr'>placebant</span> <span class='ocrx_word' id='word_1_154' title='bbox 1227 2325 1324 2408; x_wconf 84' lang='lat' dir='ltr'>(Plut.</span> <span class='ocrx_word' id='word_1_155' title='bbox 1340 2347 1479 2412; x_wconf 80' lang='lat' dir='ltr'>sympos.</span> <span class='ocrx_word' id='word_1_156' title='bbox 1502 2346 1555 2409; x_wconf 89' lang='lat' dir='ltr'>qu.</span> 
     </span>
     <span class='ocr_line' id='line_1_20' title="bbox 384 2431 1555 2519; baseline -0.003 -20"><span class='ocrx_word' id='word_1_157' title='bbox 384 2432 401 2499; x_wconf 94' lang='lat' dir='ltr'>I</span> <span class='ocrx_word' id='word_1_158' title='bbox 419 2442 443 2514; x_wconf 91' lang='grc'>1,</span> <span class='ocrx_word' id='word_1_159' title='bbox 464 2455 545 2499; x_wconf 72' lang='lat' dir='ltr'>mar</span> <span class='ocrx_word' id='word_1_160' title='bbox 561 2454 585 2499; x_wconf 91' lang='lat' dir='ltr'>c.</span> <span class='ocrx_word' id='word_1_161' title='bbox 601 2435 641 2516; x_wconf 81' lang='lat'>3).</span> <span class='ocrx_word' id='word_1_162' title='bbox 678 2431 839 2499; x_wconf 84' lang='lat' dir='ltr'>Neutrum</span> <span class='ocrx_word' id='word_1_163' title='bbox 854 2433 965 2500; x_wconf 88' lang='lat' dir='ltr'>decere</span> <span class='ocrx_word' id='word_1_164' title='bbox 987 2456 1026 2499; x_wconf 83' lang='lat' dir='ltr'>ex</span> <span class='ocrx_word' id='word_1_165' title='bbox 1047 2434 1125 2518; x_wconf 86' lang='lat' dir='ltr'>ipsis</span> <span class='ocrx_word' id='word_1_166' title='bbox 1146 2432 1415 2519; x_wconf 89' lang='lat' dir='ltr'>philosophorum</span> <span class='ocrx_word' id='word_1_167' title='bbox 1436 2431 1555 2498; x_wconf 91' lang='lat' dir='ltr'>scholis</span> 
     </span>
     <span class='ocr_line' id='line_1_21' title="bbox 384 2539 1555 2624; baseline -0.002 -19"><span class='ocrx_word' id='word_1_168' title='bbox 384 2540 573 2620; x_wconf 87' lang='lat' dir='ltr'>retulerant,</span> <span class='ocrx_word' id='word_1_169' title='bbox 594 2539 766 2624; x_wconf 91' lang='lat' dir='ltr'>inquibus</span> <span class='ocrx_word' id='word_1_170' title='bbox 789 2541 829 2607; x_wconf 89' lang='lat' dir='ltr'>de</span> <span class='ocrx_word' id='word_1_171' title='bbox 848 2542 928 2607; x_wconf 92' lang='lat' dir='ltr'>boni</span> <span class='ocrx_word' id='word_1_172' title='bbox 949 2542 1100 2608; x_wconf 86' lang='lat' dir='ltr'>convivae</span> <span class='ocrx_word' id='word_1_173' title='bbox 1114 2541 1288 2607; x_wconf 84' lang='lat' dir='ltr'>virtutibus</span> <span class='ocrx_word' id='word_1_174' title='bbox 1308 2541 1429 2606; x_wconf 90' lang='lat' dir='ltr'>multus</span> <span class='ocrx_word' id='word_1_175' title='bbox 1450 2560 1555 2605; x_wconf 91' lang='lat' dir='ltr'>sermo</span> 
     </span>
     <span class='ocr_line' id='line_1_22' title="bbox 385 2645 1555 2735; baseline -0.004 -20"><span class='ocrx_word' id='word_1_176' title='bbox 385 2671 455 2715; x_wconf 91' lang='lat' dir='ltr'>esse</span> <span class='ocrx_word' id='word_1_177' title='bbox 476 2651 694 2715; x_wconf 85' lang='lat' dir='ltr'>consueverat.</span> <span class='ocrx_word' id='word_1_178' title='bbox 729 2648 815 2715; x_wconf 89' lang='lat' dir='ltr'>Plut</span> <span class='ocrx_word' id='word_1_179' title='bbox 836 2671 974 2735; x_wconf 87' lang='lat' dir='ltr'>sympos.</span> <span class='ocrx_word' id='word_1_180' title='bbox 998 2671 1051 2734; x_wconf 91' lang='lat' dir='ltr'>qu.</span> <span class='ocrx_word' id='word_1_181' title='bbox 1071 2646 1086 2712; x_wconf 96' lang='lat' dir='ltr'>I</span> <span class='ocrx_word' id='word_1_182' title='bbox 1103 2656 1133 2728; x_wconf 85' lang='lat'>1,</span> <span class='ocrx_word' id='word_1_183' title='bbox 1148 2648 1230 2715; x_wconf 79' lang='lat'><strong>2¹²⁸.</strong></span> <span class='ocrx_word' id='word_1_184' title='bbox 1266 2648 1314 2716; x_wconf 83' lang='lat' dir='ltr'>cf.</span> <span class='ocrx_word' id='word_1_185' title='bbox 1329 2647 1393 2715; x_wconf 76' lang='lat' dir='ltr'>(lic</span> <span class='ocrx_word' id='word_1_186' title='bbox 1409 2647 1462 2713; x_wconf 87' lang='lat' dir='ltr'>off.</span> <span class='ocrx_word' id='word_1_187' title='bbox 1477 2645 1492 2712; x_wconf 97' lang='lat' dir='ltr'>I</span> <span class='ocrx_word' id='word_1_188' title='bbox 1507 2651 1555 2714; x_wconf 75' lang='lat'>372</span> 
     </span>
     <span class='ocr_line' id='line_1_23' title="bbox 385 2755 1555 2841; baseline -0.003 -18"><span class='ocrx_word' id='word_1_189' title='bbox 385 2756 491 2835; x_wconf 83' lang='lat' dir='ltr'>Quare</span> <span class='ocrx_word' id='word_1_190' title='bbox 520 2757 548 2822; x_wconf 91' lang='lat' dir='ltr'>si</span> <span class='ocrx_word' id='word_1_191' title='bbox 574 2756 647 2841; x_wconf 91' lang='lat' dir='ltr'>quis</span> <span class='ocrx_word' id='word_1_192' title='bbox 668 2759 784 2821; x_wconf 90' lang='lat' dir='ltr'>natura</span> <span class='ocrx_word' id='word_1_193' title='bbox 805 2760 891 2822; x_wconf 88' lang='lat' dir='ltr'>esset</span> <span class='ocrx_word' id='word_1_194' title='bbox 913 2757 1037 2823; x_wconf 89' lang='lat' dir='ltr'>tristior</span> <span class='ocrx_word' id='word_1_195' title='bbox 1058 2761 1155 2841; x_wconf 90' lang='lat' dir='ltr'>atque</span> <span class='ocrx_word' id='word_1_196' title='bbox 1177 2755 1218 2821; x_wconf 91' lang='lat' dir='ltr'>ad</span> <span class='ocrx_word' id='word_1_197' title='bbox 1239 2756 1323 2822; x_wconf 87' lang='lat' dir='ltr'>seria</span> <span class='ocrx_word' id='word_1_198' title='bbox 1342 2756 1450 2821; x_wconf 89' lang='lat' dir='ltr'>iocose</span> <span class='ocrx_word' id='word_1_199' title='bbox 1470 2757 1555 2819; x_wconf 89' lang='lat' dir='ltr'>trac·</span> 
     </span>
     <span class='ocr_line' id='line_1_24' title="bbox 384 2860 1555 2941; baseline -0.005 -11"><span class='ocrx_word' id='word_1_200' title='bbox 384 2865 483 2930; x_wconf 91' lang='lat' dir='ltr'>tanda</span> <span class='ocrx_word' id='word_1_201' title='bbox 510 2863 684 2941; x_wconf 88' lang='lat' dir='ltr'>difficilior,</span> <span class='ocrx_word' id='word_1_202' title='bbox 714 2864 900 2929; x_wconf 86' lang='lat' dir='ltr'>abstinebat</span> <span class='ocrx_word' id='word_1_203' title='bbox 926 2886 996 2930; x_wconf 89' lang='lat' dir='ltr'>sese</span> <span class='ocrx_word' id='word_1_204' title='bbox 1021 2865 1056 2929; x_wconf 92' lang='lat' dir='ltr'>in</span> <span class='ocrx_word' id='word_1_205' title='bbox 1082 2863 1287 2930; x_wconf 82' lang='lat' dir='ltr'>convivarum</span> <span class='ocrx_word' id='word_1_206' title='bbox 1313 2865 1409 2928; x_wconf 91' lang='lat' dir='ltr'>coetu</span> <span class='ocrx_word' id='word_1_207' title='bbox 1430 2860 1471 2926; x_wconf 91' lang='lat' dir='ltr'>ab</span> <span class='ocrx_word' id='word_1_208' title='bbox 1492 2860 1555 2925; x_wconf 91' lang='lat' dir='ltr'>boc</span> 
     </span>
     <span class='ocr_line' id='line_1_25' title="bbox 383 2968 1553 3056; baseline -0.004 -19"><span class='ocrx_word' id='word_1_209' title='bbox 383 2991 500 3056; x_wconf 86' lang='lat' dir='ltr'>genere</span> <span class='ocrx_word' id='word_1_210' title='bbox 521 2969 662 3035; x_wconf 89' lang='lat' dir='ltr'>ludicrae</span> <span class='ocrx_word' id='word_1_211' title='bbox 684 2971 888 3036; x_wconf 89' lang='lat' dir='ltr'>eruditionis:</span> <span class='ocrx_word' id='word_1_212' title='bbox 913 2975 950 3037; x_wconf 89' lang='lat' dir='ltr'>ut</span> <span class='ocrx_word' id='word_1_213' title='bbox 970 2970 1141 3053; x_wconf 88' lang='lat' dir='ltr'>Isocrates,</span> <span class='ocrx_word' id='word_1_214' title='bbox 1163 2971 1219 3056; x_wconf 91' lang='lat' dir='ltr'>qni</span> <span class='ocrx_word' id='word_1_215' title='bbox 1240 2993 1331 3050; x_wconf 86' lang='lat' dir='ltr'>„cum</span> <span class='ocrx_word' id='word_1_216' title='bbox 1351 2970 1386 3035; x_wconf 91' lang='lat' dir='ltr'>in</span> <span class='ocrx_word' id='word_1_217' title='bbox 1407 2968 1553 3034; x_wconf 83' lang='lat' dir='ltr'>convivio</span> 
     </span>
     <span class='ocr_line' id='line_1_26' title="bbox 384 3077 1554 3163; baseline -0.002 -20"><span class='ocrx_word' id='word_1_218' title='bbox 384 3101 404 3143; x_wconf 92' lang='lat' dir='ltr'>a</span> <span class='ocrx_word' id='word_1_219' title='bbox 424 3077 589 3143; x_wconf 89' lang='lat' dir='ltr'>sodalibus</span> <span class='ocrx_word' id='word_1_220' title='bbox 610 3082 764 3162; x_wconf 88' lang='lat' dir='ltr'>oraretur,</span> <span class='ocrx_word' id='word_1_221' title='bbox 786 3081 822 3143; x_wconf 91' lang='lat' dir='ltr'>ut</span> <span class='ocrx_word' id='word_1_222' title='bbox 836 3078 959 3163; x_wconf 90' lang='lat' dir='ltr'>aliquid</span> <span class='ocrx_word' id='word_1_223' title='bbox 972 3079 1007 3143; x_wconf 91' lang='lat' dir='ltr'>in</span> <span class='ocrx_word' id='word_1_224' title='bbox 1027 3079 1169 3145; x_wconf 90' lang='lat' dir='ltr'>medium</span> <span class='ocrx_word' id='word_1_225' title='bbox 1191 3078 1230 3146; x_wconf 89' lang='lat' dir='ltr'>de</span> <span class='ocrx_word' id='word_1_226' title='bbox 1252 3077 1455 3162; x_wconf 83' lang='lat' dir='ltr'>eloquentiae</span> <span class='ocrx_word' id='word_1_227' title='bbox 1477 3097 1554 3141; x_wconf 87' lang='lat' dir='ltr'>suae</span> 
     </span>
     <span class='ocr_line' id='line_1_27' title="bbox 382 3183 1554 3271; baseline -0.002 -21"><span class='ocrx_word' id='word_1_228' title='bbox 382 3187 473 3250; x_wconf 85' lang='lat' dir='ltr'>fonte</span> <span class='ocrx_word' id='word_1_229' title='bbox 501 3185 674 3271; x_wconf 88' lang='lat' dir='ltr'>proferret,</span> <span class='ocrx_word' id='word_1_230' title='bbox 700 3184 762 3250; x_wconf 91' lang='lat' dir='ltr'>hac</span> <span class='ocrx_word' id='word_1_231' title='bbox 782 3185 877 3251; x_wconf 81' lang='lat' dir='ltr'>venia</span> <span class='ocrx_word' id='word_1_232' title='bbox 899 3185 1087 3271; x_wconf 89' lang='lat' dir='ltr'>deprecatus</span> <span class='ocrx_word' id='word_1_233' title='bbox 1108 3189 1170 3252; x_wconf 89' lang='lat' dir='ltr'>est:</span> <span class='ocrx_word' id='word_1_234' title='bbox 1203 3184 1293 3263; x_wconf 83' lang='lat' dir='ltr'>Quae</span> <span class='ocrx_word' id='word_1_235' title='bbox 1313 3205 1481 3269; x_wconf 90' lang='lat' dir='ltr'>praesens,</span> <span class='ocrx_word' id='word_1_236' title='bbox 1506 3183 1554 3248; x_wconf 91' lang='lat' dir='ltr'>in·</span> 
     </span>
     <span class='ocr_line' id='line_1_28' title="bbox 301 3289 1555 3380; baseline -0.001 -23"><span class='ocrx_word' id='word_1_237' title='bbox 301 3302 372 3373; x_wconf 76' lang='lat'>(21⁵)</span> <span class='ocrx_word' id='word_1_238' title='bbox 384 3293 464 3379; x_wconf 90' lang='lat' dir='ltr'>quit,</span> <span class='ocrx_word' id='word_1_239' title='bbox 483 3292 574 3358; x_wconf 89' lang='lat' dir='ltr'>loeus</span> <span class='ocrx_word' id='word_1_240' title='bbox 596 3314 633 3358; x_wconf 91' lang='lat' dir='ltr'>ae</span> <span class='ocrx_word' id='word_1_241' title='bbox 654 3298 781 3378; x_wconf 86' lang='lat' dir='ltr'>tempus</span> <span class='ocrx_word' id='word_1_242' title='bbox 804 3294 920 3380; x_wconf 87' lang='lat' dir='ltr'>exigit,</span> <span class='ocrx_word' id='word_1_243' title='bbox 942 3315 1003 3380; x_wconf 88' lang='lat' dir='ltr'>ego</span> <span class='ocrx_word' id='word_1_244' title='bbox 1025 3316 1092 3359; x_wconf 91' lang='lat' dir='ltr'>non</span> <span class='ocrx_word' id='word_1_245' title='bbox 1113 3292 1227 3367; x_wconf 71' lang='lat' dir='ltr'>calleo:</span> <span class='ocrx_word' id='word_1_246' title='bbox 1254 3313 1338 3376; x_wconf 91' lang='lat' dir='ltr'>qnae</span> <span class='ocrx_word' id='word_1_247' title='bbox 1359 3311 1421 3376; x_wconf 84' lang='lat' dir='ltr'>ego</span> <span class='ocrx_word' id='word_1_248' title='bbox 1443 3289 1555 3370; x_wconf 87' lang='lat' dir='ltr'>calleo,</span> 
     </span>
     <span class='ocr_line' id='line_1_29' title="bbox 382 3398 1555 3485; baseline -0.002 -20"><span class='ocrx_word' id='word_1_249' title='bbox 382 3423 442 3467; x_wconf 93' lang='lat' dir='ltr'>nec</span> <span class='ocrx_word' id='word_1_250' title='bbox 470 3400 544 3466; x_wconf 89' lang='lat' dir='ltr'>loco</span> <span class='ocrx_word' id='word_1_251' title='bbox 572 3400 734 3485; x_wconf 89' lang='lat' dir='ltr'>praesenti</span> <span class='ocrx_word' id='word_1_252' title='bbox 761 3404 839 3466; x_wconf 92' lang='lat' dir='ltr'>sunt</span> <span class='ocrx_word' id='word_1_253' title='bbox 867 3405 943 3485; x_wconf 91' lang='lat' dir='ltr'>apta</span> <span class='ocrx_word' id='word_1_254' title='bbox 967 3424 1027 3467; x_wconf 87' lang='lat' dir='ltr'>nec</span> <span class='ocrx_word' id='word_1_255' title='bbox 1053 3399 1222 3485; x_wconf 66' lang='lat' dir='ltr'>temporit</span> <span class='ocrx_word' id='word_1_256' title='bbox 1272 3398 1326 3465; x_wconf 83' lang='lat' dir='ltr'>Sic</span> <span class='ocrx_word' id='word_1_257' title='bbox 1352 3420 1421 3464; x_wconf 89' lang='lat' dir='ltr'>rem</span> <span class='ocrx_word' id='word_1_258' title='bbox 1447 3402 1555 3464; x_wconf 88' lang='lat' dir='ltr'>narrat</span> 
     </span>
     <span class='ocr_line' id='line_1_30' title="bbox 382 3504 1555 3592; baseline 0 -18"><span class='ocrx_word' id='word_1_259' title='bbox 382 3508 566 3574; x_wconf 89' lang='lat' dir='ltr'>Macrobius</span> <span class='ocrx_word' id='word_1_260' title='bbox 581 3506 708 3573; x_wconf 83' lang='lat' dir='ltr'>Saturn.</span> <span class='ocrx_word' id='word_1_261' title='bbox 722 3506 785 3573; x_wconf 88' lang='lat' dir='ltr'>VII</span> <span class='ocrx_word' id='word_1_262' title='bbox 803 3516 828 3587; x_wconf 91' lang='lat'>1,</span> <span class='ocrx_word' id='word_1_263' title='bbox 841 3513 1008 3574; x_wconf 84' lang='lat' dir='ltr'>mutuatus</span> <span class='ocrx_word' id='word_1_264' title='bbox 1022 3505 1227 3574; x_wconf 89' lang='lat' dir='ltr'>aPlutarcho</span> <span class='ocrx_word' id='word_1_265' title='bbox 1243 3528 1380 3592; x_wconf 86' lang='lat' dir='ltr'>sympos.</span> <span class='ocrx_word' id='word_1_266' title='bbox 1393 3504 1473 3590; x_wconf 75' lang='lat' dir='ltr'>qul</span> <span class='ocrx_word' id='word_1_267' title='bbox 1488 3514 1555 3590; x_wconf 84' lang='grc'>1,1.</span> 
     </span>
    </p>
   </div>
   <div class='ocr_carea' id='block_1_4' title="bbox 380 3706 1557 4446">
    <p class='ocr_par' dir='ltr' id='par_1_4' title="bbox 380 3706 1556 4040">
     <span class='ocr_line' id='line_1_31' title="bbox 450 3706 1556 3785; baseline 0 -15"><span class='ocrx_word' id='word_1_268' title='bbox 450 3717 486 3758; x_wconf 65' lang='lat'>1⁷²</span> <span class='ocrx_word' id='word_1_269' title='bbox 504 3714 578 3770; x_wconf 89' lang='lat' dir='ltr'>Plut.</span> <span class='ocrx_word' id='word_1_270' title='bbox 590 3730 678 3783; x_wconf 86' lang='lat' dir='ltr'>symp.</span> <span class='ocrx_word' id='word_1_271' title='bbox 691 3713 718 3768; x_wconf 91' lang='lat'>11</span> <span class='ocrx_word' id='word_1_272' title='bbox 730 3719 745 3768; x_wconf 80' lang='lat'><strong>2</strong></span> <span class='ocrx_word' id='word_1_273' title='bbox 757 3709 842 3769; x_wconf 80' lang='grc' dir='ltr'><strong><em>αὐτοὶ</em></strong></span> <span class='ocrx_word' id='word_1_274' title='bbox 853 3712 910 3785; x_wconf 78' lang='grc' dir='ltr'>γὰρ</span> <span class='ocrx_word' id='word_1_275' title='bbox 927 3711 1152 3785; x_wconf 72' lang='grc' dir='ltr'><strong><em>ἐπιχειρήσομεν</em></strong></span> <span class='ocrx_word' id='word_1_276' title='bbox 1169 3715 1266 3783; x_wconf 68' lang='grc' dir='ltr'><strong><em>ζητεῖν</em></strong></span> <span class='ocrx_word' id='word_1_277' title='bbox 1283 3707 1356 3768; x_wconf 76' lang='grc' dir='ltr'><strong><em>ὅταν</em></strong></span> <span class='ocrx_word' id='word_1_278' title='bbox 1372 3706 1556 3782; x_wconf 77' lang='grc' dir='ltr'><strong><em>παυσόμεθα</em></strong></span> 
     </span>
     <span class='ocr_line' id='line_1_32' title="bbox 380 3790 1555 3869; baseline -0.003 -13"><span class='ocrx_word' id='word_1_279' title='bbox 380 3802 577 3863; x_wconf 77' lang='grc' dir='ltr'><strong><em>δειπνοῦντες.</em></strong></span> <span class='ocrx_word' id='word_1_280' title='bbox 607 3798 649 3862; x_wconf 73' lang='lat' dir='ltr'>otc</span> <span class='ocrx_word' id='word_1_281' title='bbox 660 3790 713 3853; x_wconf 78' lang='grc' dir='ltr'><strong><em>οὖν</em></strong></span> <span class='ocrx_word' id='word_1_282' title='bbox 729 3795 924 3868; x_wconf 68' lang='grc' dir='ltr'><strong><em>ἀφῃρέθησαν</em></strong></span> <span class='ocrx_word' id='word_1_283' title='bbox 940 3794 972 3854; x_wconf 71' lang='grc' dir='ltr'>αὶ</span> <span class='ocrx_word' id='word_1_284' title='bbox 987 3798 1130 3866; x_wconf 80' lang='grc' dir='ltr'><strong><em>τράπεζαι</em></strong></span> <span class='ocrx_word' id='word_1_285' title='bbox 1142 3828 1184 3855; x_wconf 92' lang='grc'>-.</span> <span class='ocrx_word' id='word_1_286' title='bbox 1200 3795 1278 3853; x_wconf 85' lang='lat' dir='ltr'>Alios</span> <span class='ocrx_word' id='word_1_287' title='bbox 1293 3796 1370 3853; x_wconf 89' lang='lat' dir='ltr'>locos</span> <span class='ocrx_word' id='word_1_288' title='bbox 1385 3815 1460 3853; x_wconf 91' lang='lat' dir='ltr'>nunc</span> <span class='ocrx_word' id='word_1_289' title='bbox 1477 3815 1555 3869; x_wconf 84' lang='lat' dir='ltr'>prae</span> 
     </span>
     <span class='ocr_line' id='line_1_33' title="bbox 381 3880 1556 3953; baseline 0.002 -16"><span class='ocrx_word' id='word_1_290' title='bbox 381 3886 467 3940; x_wconf 77' lang='lat' dir='ltr'>terso.</span> <span class='ocrx_word' id='word_1_291' title='bbox 497 3883 552 3939; x_wconf 86' lang='lat' dir='ltr'>Sed</span> <span class='ocrx_word' id='word_1_292' title='bbox 574 3882 651 3953; x_wconf 88' lang='lat' dir='ltr'>apud</span> <span class='ocrx_word' id='word_1_293' title='bbox 669 3880 818 3952; x_wconf 76' lang='lat' dir='ltr'>Virgilium</span> <span class='ocrx_word' id='word_1_294' title='bbox 837 3885 947 3938; x_wconf 84' lang='lat' dir='ltr'>Aeneae</span> <span class='ocrx_word' id='word_1_295' title='bbox 967 3880 1027 3938; x_wconf 84' lang='lat' dir='ltr'>iata</span> <span class='ocrx_word' id='word_1_296' title='bbox 1048 3900 1099 3937; x_wconf 90' lang='lat' dir='ltr'>sua</span> <span class='ocrx_word' id='word_1_297' title='bbox 1119 3881 1233 3953; x_wconf 85' lang='lat' dir='ltr'>reginae</span> <span class='ocrx_word' id='word_1_298' title='bbox 1256 3885 1383 3951; x_wconf 86' lang='lat' dir='ltr'>enarrat,</span> <span class='ocrx_word' id='word_1_299' title='bbox 1404 3885 1556 3953; x_wconf 87' lang='lat' dir='ltr'>postquam</span> 
     </span>
     <span class='ocr_line' id='line_1_34' title="bbox 381 3965 1011 4040; baseline 0 -17"><span class='ocrx_word' id='word_1_300' title='bbox 381 3968 472 4040; x_wconf 88' lang='lat' dir='ltr'>prima</span> <span class='ocrx_word' id='word_1_301' title='bbox 490 3968 568 4037; x_wconf 90' lang='lat' dir='ltr'>quies</span> <span class='ocrx_word' id='word_1_302' title='bbox 585 3965 675 4039; x_wconf 87' lang='lat' dir='ltr'>epulis</span> <span class='ocrx_word' id='word_1_303' title='bbox 694 3982 862 4036; x_wconf 84' lang='lat' dir='ltr'>mensaeque</span> <span class='ocrx_word' id='word_1_304' title='bbox 879 3970 1011 4023; x_wconf 81' lang='lat' dir='ltr'>remotae.</span> 
     </span>
    </p>

    <p class='ocr_par' dir='ltr' id='par_1_5' title="bbox 380 4046 1557 4446">
     <span class='ocr_line' id='line_1_35' title="bbox 450 4046 1556 4124; baseline -0.001 -15"><span class='ocrx_word' id='word_1_305' title='bbox 450 4053 489 4095; x_wconf 55' lang='grc' dir='ltr'><strong>Μ</strong></span> <span class='ocrx_word' id='word_1_306' title='bbox 506 4055 603 4122; x_wconf 80' lang='grc' dir='ltr'><strong><em>ζητεῖν</em></strong></span> <span class='ocrx_word' id='word_1_307' title='bbox 611 4051 667 4121; x_wconf 72' lang='grc' dir='ltr'><strong><em>μὲν</em></strong></span> <span class='ocrx_word' id='word_1_308' title='bbox 678 4049 712 4108; x_wconf 71' lang='grc' dir='ltr'><strong><em>ἐν</em></strong></span> <span class='ocrx_word' id='word_1_309' title='bbox 728 4058 793 4115; x_wconf 80' lang='grc' dir='ltr'><strong><em>ταῖς</em></strong></span> <span class='ocrx_word' id='word_1_310' title='bbox 810 4053 975 4123; x_wconf 79' lang='grc' dir='ltr'><strong><em>διατριβαῖς</em></strong></span> <span class='ocrx_word' id='word_1_311' title='bbox 990 4053 1059 4123; x_wconf 77' lang='grc' dir='ltr'><strong><em>περὶ</em></strong></span> <span class='ocrx_word' id='word_1_312' title='bbox 1076 4057 1267 4121; x_wconf 77' lang='grc' dir='ltr'><strong><em>συμποτικῶν</em></strong></span> <span class='ocrx_word' id='word_1_313' title='bbox 1284 4046 1487 4124; x_wconf 74' lang='grc' dir='ltr'>καθηκόντων,</span> <span class='ocrx_word' id='word_1_314' title='bbox 1506 4052 1556 4108; x_wconf 69' lang='grc' dir='ltr'>καὶ</span> 
     </span>
     <span class='ocr_line' id='line_1_36' title="bbox 380 4130 1557 4210; baseline -0.002 -17"><span class='ocrx_word' id='word_1_315' title='bbox 380 4133 425 4203; x_wconf 74' lang='grc' dir='ltr'>τίς</span> <span class='ocrx_word' id='word_1_316' title='bbox 445 4139 533 4207; x_wconf 64' lang='lat' dir='ltr'>apert</span> <span class='ocrx_word' id='word_1_317' title='bbox 551 4133 716 4204; x_wconf 73' lang='lat' dir='ltr'>evandros,</span> <span class='ocrx_word' id='word_1_318' title='bbox 740 4136 875 4201; x_wconf 73' lang='grc' dir='ltr'><strong><em>καὶπῶς</em></strong></span> <span class='ocrx_word' id='word_1_319' title='bbox 896 4130 968 4210; x_wconf 76' lang='grc' dir='ltr'><strong><em>οἴνῳ</em></strong></span> <span class='ocrx_word' id='word_1_320' title='bbox 984 4135 1137 4207; x_wconf 70' lang='grc' dir='ltr'><strong><em>χρηστέον.</em></strong></span> <span class='ocrx_word' id='word_1_321' title='bbox 1158 4167 1192 4178; x_wconf 89' lang='grc'>-</span> <span class='ocrx_word' id='word_1_322' title='bbox 1214 4136 1335 4206; x_wconf 76' lang='grc' dir='ltr'><strong><em>Νόμους</em></strong></span> <span class='ocrx_word' id='word_1_323' title='bbox 1357 4134 1557 4205; x_wconf 75' lang='grc' dir='ltr'><strong><em>συμποτικούς</em></strong></span> 
     </span>
     <span class='ocr_line' id='line_1_37' title="bbox 380 4218 1554 4293; baseline -0.003 -16"><span class='ocrx_word' id='word_1_324' title='bbox 380 4221 548 4292; x_wconf 87' lang='lat' dir='ltr'>scripserant</span> <span class='ocrx_word' id='word_1_325' title='bbox 566 4219 742 4285; x_wconf 82' lang='lat' dir='ltr'>Aristoteles,</span> <span class='ocrx_word' id='word_1_326' title='bbox 765 4219 948 4291; x_wconf 84' lang='lat' dir='ltr'>Speusippus,</span> <span class='ocrx_word' id='word_1_327' title='bbox 970 4218 1152 4286; x_wconf 82' lang='lat' dir='ltr'>Xenocrates,</span> <span class='ocrx_word' id='word_1_328' title='bbox 1174 4221 1275 4277; x_wconf 79' lang='lat' dir='ltr'>Athen.</span> <span class='ocrx_word' id='word_1_329' title='bbox 1293 4221 1305 4275; x_wconf 96' lang='lat' dir='ltr'>I</span> <span class='ocrx_word' id='word_1_330' title='bbox 1321 4240 1349 4293; x_wconf 88' lang='lat' dir='ltr'>p.</span> <span class='ocrx_word' id='word_1_331' title='bbox 1369 4223 1406 4278; x_wconf 74' lang='grc'>31.</span> <span class='ocrx_word' id='word_1_332' title='bbox 1448 4219 1554 4276; x_wconf 89' lang='lat' dir='ltr'>Horum</span> 
     </span>
     <span class='ocr_line' id='line_1_38' title="bbox 381 4295 1554 4376; baseline -0.003 -14"><span class='ocrx_word' id='word_1_333' title='bbox 381 4311 410 4362; x_wconf 86' lang='lat' dir='ltr'>et</span> <span class='ocrx_word' id='word_1_334' title='bbox 426 4304 559 4360; x_wconf 87' lang='lat' dir='ltr'>similium</span> <span class='ocrx_word' id='word_1_335' title='bbox 576 4304 613 4359; x_wconf 87' lang='lat' dir='ltr'>ad</span> <span class='ocrx_word' id='word_1_336' title='bbox 630 4303 785 4360; x_wconf 85' lang='lat' dir='ltr'>irrisionem</span> <span class='ocrx_word' id='word_1_337' title='bbox 802 4304 965 4376; x_wconf 86' lang='lat' dir='ltr'>pertinebat</span> <span class='ocrx_word' id='word_1_338' title='bbox 982 4303 1165 4360; x_wconf 87' lang='lat' dir='ltr'>Gnatheenae</span> <span class='ocrx_word' id='word_1_339' title='bbox 1188 4295 1280 4373; x_wconf 81' lang='grc' dir='ltr'><strong><em>νόμος</em></strong></span> <span class='ocrx_word' id='word_1_340' title='bbox 1301 4295 1469 4370; x_wconf 78' lang='grc' dir='ltr'><strong><em>συσσιτικός</em></strong></span> <span class='ocrx_word' id='word_1_341' title='bbox 1486 4305 1554 4360; x_wconf 87' lang='lat' dir='ltr'>Ath.</span> 
     </span>
     <span class='ocr_line' id='line_1_39' title="bbox 380 4390 539 4446; baseline 0 -2"><span class='ocrx_word' id='word_1_342' title='bbox 380 4390 445 4444; x_wconf 84' lang='lat' dir='ltr'>XIII</span> <span class='ocrx_word' id='word_1_343' title='bbox 463 4392 539 4446; x_wconf 74' lang='lat' dir='ltr'>teob.</span> 
     </span>
    </p>
   </div>
   <div class='ocr_carea' id='block_1_5' title="bbox 0 0 1718 4934">
    <p class='ocr_par' dir='ltr' id='par_1_6' title="bbox 0 0 1718 4934">
     <span class='ocr_line' id='line_1_40' title="bbox 0 0 1718 4934; baseline 0 0"><span class='ocrx_word' id='word_1_344' title='bbox 0 0 1718 4934; x_wconf 95' lang='lat' dir='ltr'> </span> 
     </span>
    </p>
   </div>
  </div>
 </body>
</html>
