3425 4934
418 338 441 391 3.
465 328 623 402 δαιμόνιος.
640 333 758 389 τίκτειν.
778 327 896 403 θυρεός.
914 324 997 404 θύρη.
1016 327 1105 401 ὅμως.
1288 342 1345 403 155

174 524 248 587 pars
277 505 334 568 eet
382 503 477 580 Quod
504 502 596 568 faede
623 501 801 568 concedent
827 503 1015 585 reputantes
1045 504 1078 566 et
1103 502 1144 567 ad
1171 500 1347 586 Odysseam

173 609 369 676 Aristonioei
388 609 464 676 libri
486 610 644 696 quaedam
664 613 791 676 tantm
821 609 938 694 exigua
964 609 1103 695 vestigia
1134 609 1245 675 relicta
1276 631 1346 675 esse

175 720 209 782 et
235 717 367 784 minime
392 718 521 803 integra
550 739 620 784 esee
644 718 686 783 ad
711 715 856 796 iliadem,
885 717 932 782 sio
957 719 995 781 ut
1020 717 1059 783 de
1081 715 1274 801 quibusdam
1296 718 1346 797 (ut

174 819 259 903 όαίς,
283 819 433 911 φράζειν,
457 814 580 910 ἆθλος)
604 825 667 891 nisi
688 825 818 891 aliunde
839 826 1012 905 constaret,
1034 847 1093 910 per
1113 824 1172 891 has
1192 824 1346 909 reliquias

173 932 295 999 factum
325 936 411 1000 esset
436 936 474 999 ut
501 933 606 1000 omnis
634 932 751 999 notitia
776 933 905 1018 periret.
947 931 994 998 m
1021 935 1099 999 sunt
1125 931 1213 999 haud
1244 955 1347 1018 panca

173 1044 298 1107 servata
319 1063 359 1108 ex
379 1042 493 1108 eodem
507 1039 714 1107 Aristarchso
736 1061 865 1127 genere,
887 1062 1026 1125 quorum
1047 1040 1205 1125 quaedam
1218 1040 1259 1108 ab
1273 1041 1345 1127 ipso

172 1148 360 1215 Aristarcho
383 1170 454 1216 esse
475 1148 556 1215 mihi
576 1148 800 1216 certissimum.
836 1148 942 1227 Quem
963 1148 1003 1215 de
1023 1147 1254 1215 adiectivornm
1274 1144 1345 1229 σχὲ·

171 1254 277 1334 τλιος,
303 1247 449 1343 ἀγήνωρ,
477 1250 688 1341 ὑπερφίαλος
712 1256 818 1323 media
843 1278 942 1342 quam
969 1256 1080 1323 dicunt
1108 1257 1345 1343 significatione

172 1362 336 1430 monuisse
362 1364 529 1445 traditum,
549 1365 603 1430 vix
626 1365 760 1432 dubium
786 1364 866 1450 quin
886 1364 928 1431 ad
948 1365 1088 1432 eundem
1107 1386 1202 1431 usum
1222 1364 1346 1433 Home·

172 1466 282 1538 ricum'
294 1471 443 1539 vocabuli
466 1465 681 1555 δαιμόνιος
699 1473 825 1540 animos
840 1472 1030 1539 discentium
1046 1472 1226 1554 adverterit,
1248 1495 1345 1559 quem

173 1581 379 1647 observatum
392 1579 575 1648 invenimus
589 1603 616 1648 e.
632 1602 663 1668 g.
677 1580 778 1647 schol
795 1582 827 1644 B
844 1586 903 1649 190
922 1584 956 1647 et
969 1602 1020 1667 ap.
1033 1580 1126 1647 Euat
1141 1581 1185 1646 ib.
1201 1582 1245 1666 (p.
1259 1583 1344 1666 200).

171 1688 254 1754 Item
273 1682 426 1754 τίκτειν
446 1689 533 1774 apud
553 1691 684 1775 poetam
707 1688 805 1754 etiam
826 1688 866 1754 dc
887 1692 978 1774 patre
1000 1688 1062 1754 dici
1084 1687 1136 1754 vix
1157 1689 1222 1754 iam
1241 1688 1345 1755 credi·

170 1819 243 1864 mus
271 1797 313 1863 ab
341 1819 380 1863 eo
406 1798 670 1882 praetermissum
692 1817 773 1877 esse,
801 1796 927 1862 etiamsi
947 1818 1007 1882 pro
1029 1799 1117 1863 certo
1140 1796 1202 1863 dici
1222 1796 1344 1882 nequit,

171 1927 254 1990 quae
274 1905 309 1971 in
331 1903 432 1970 schol.
451 1903 479 1969 Β
501 1904 542 1970 ad
562 1909 598 1967 X
618 1909 657 1972 53
678 1904 829 1989 legimus:
849 1900 904 1969 τοὶ
919 1898 1127 1987 τεκόμεσθαε
1150 1897 1278 1986 ὁμοίως
1296 1906 1345 1988 api

171 2002 376 2095 ,Δάρδανον
397 2000 440 2075 od
462 2013 619 2096 (πρῶτον)
640 2007 777 2078 τέκετο“
800 2013 929 2096 (1215)
952 2008 1009 2078 ἐπὶ
1030 2004 1205 2096 ἀρσενικοῦ
1218 2012 1345 2079 Aristo·

171 2120 236 2187 uici
261 2120 359 2187 verba
384 2141 467 2187 esse:
494 2141 690 2205 quamquam
713 2120 865 2188 videntur
889 2143 968 2188 esso.
1011 2119 1126 2187 Thom.
1154 2119 1197 2186 M.
1223 2113 1344 2184 τίκτειν

171 2220 292 2312 κυρίως
320 2223 378 2292 tat
399 2229 579 2311 γυναικῶν,
601 2225 640 2294 τό
667 2222 704 2293 δὲ
725 2229 841 2313 γεννᾶν
862 2222 921 2293 έπί
942 2220 1071 2311 ἀνδρῶν
1093 2274 1130 2293 ..
1155 2277 1163 2294 .
1198 2222 1346 2314 (Όμηρος

172 2331 209 2401 dd
232 2331 289 2401 καί
315 2330 374 2401 tal
400 2326 521 2420 ἀνδρὸς
547 2338 596 2422 τῷ
623 2330 747 2401 τίκτειν
772 2329 879 2402 ἐνίοτε
903 2338 1038 2422 χρῆται·
1064 2329 1110 2413 ὥς
1132 2329 1199 2415 ἔχει
1219 2333 1258 2402 τὸ
1280 2323 1345 2414 „bb

172 2436 344 2521 ἀθάνατος
355 2438 470 2510 τέκετο
484 2440 590 2521 Ζούςκ
605 2440 663 2509 καί
682 2441 721 2511 τό
736 2439 866 2522 ,τίκτει
884 2437 918 2528 μ’
942 2438 1025 2533 ἀνὴρ
1045 2442 1225 2513 πολλοῖσιν
1245 2434 1344 2508 ἀνοία·

171 2560 273 2619 σιον“.
293 2589 335 2601 -
352 2550 435 2620 Item
448 2552 684 2621 Alexandrinos
698 2576 775 2620 suos
796 2576 871 2621 cum
892 2553 1153 2621 animadvertisse
1174 2555 1285 2639 potem
1303 2553 1345 2619 ad

170 2660 377 2727 Homericam
397 2661 532 2747 signific.
560 2683 629 2730 voc.
651 2653 814 2748 θυρεός,
848 2684 922 2728 cum
942 2659 1001 2727 illo
1023 2661 1152 2746 opinor,
1178 2661 1267 2747 quod
1286 2660 1345 2727 ali·

171 2769 299 2854 quoties
314 2791 411 2855 supra
424 2769 577 2855 legimus:
602 2762 660 2850 οὐχ
672 2764 720 2847 ὡς
732 2763 846 2857 alpais:
866 2769 1067 2856 Phrynichus
1084 2792 1114 2855 p.
1130 2774 1191 2839 366
1205 2763 1343 2854 θυρεόςι
1362 2798 1410 2849 ηηη
1528 2754 1535 2765 ’

168 2868 266 2942 τοῦθ’
282 2870 432 2961 Ὅμηρος
449 2872 509 2941 ἐπὶ
530 2871 633 2943 λίθου
653 2871 789 2965 τίθησιν
811 2870 884 2942 ἀντὶ
899 2871 1008 2963 θύρας
1027 2874 1086 2964 τὴν
1105 2869 1219 2959 χρείαν
1239 2869 1346 2958 παρέ-

167 3005 291 3064 χοντος.
329 2977 361 3048 oi
377 2979 414 3049 δέ
428 2981 554 3051 πολλοί
568 2978 640 3050 ἀντί
652 2987 714 3072 τῆς
728 2977 875 3062 ἀσπίδος
887 2980 1051 3052 τιθέασιν.
1087 2985 1134 3052 (tf.
1149 2984 1241 3050 Euat
1256 3005 1269 3047 ι
1283 2988 1344 3051 240

168 3115 199 3179 p.
223 3097 311 3173 1626,
332 3098 382 3160 65.
430 3092 476 3159 Et
500 3094 603 3160 multo
631 3094 739 3160 minus
772 3094 886 3161 dubito
914 3094 994 3179 quin
1020 3093 1101 3161 illud
1127 3094 1156 3159 ei
1181 3093 1344 3170 debeatur,

169 3199 257 3285 quod
287 3199 383 3285 plane
414 3200 626 3268 subtilitatem
652 3202 891 3269 Aristarcheam
920 3202 1060 3282 redolet,
1089 3202 1178 3288 quod
1205 3200 1244 3267 de
1271 3221 1339 3267 voc.
1353 3223 1424 3297 (lna)

170 3299 270 3392 θύρη
292 3307 368 3389 (hoc
388 3308 488 3374 fuisse
510 3331 566 3375 cnr
587 3308 770 3376 attenderet
790 3309 845 3375 Ar.
863 3332 960 3396 supra
981 3310 1131 3395 vidimus)
1148 3307 1341 3375 Eustathius

170 3415 297 3481 monuit
318 3440 331 3480 ι
349 3421 425 3497 243,
454 3417 511 3483 ubi
537 3418 576 3482 de
598 3416 739 3503 Cyclope
763 3416 880 3483 dicitur
898 3409 1018 3504 τόσσην
1039 3409 1201 3504 ἠλίβατον
1222 3410 1345 3500 πέτρην

170 3517 319 3609 ἐπέθηκε
336 3516 487 3612 θύρῃσιν.
529 3523 591 3590 Hic
621 3523 722 3610 igitur
745 3524 836 3590 Euat.
859 3527 907 3611 (p.
936 3531 1027 3605 1626,
1049 3526 1106 3611 53>
1131 3520 1184 3592 ὅτι
1203 3521 1263 3609 τὴν
1283 3524 1344 3588 τού

169 3624 336 3717 σπηλαίου
356 3623 490 3697 sicodor
510 3622 586 3716 ἤτοι
599 3627 638 3696 τὸ
656 3628 734 3714 περὶ
748 3624 851 3718 αὐτὴν
865 3630 1030 3721 διάστημα
1044 3627 1153 3716 θύραν
1169 3626 1187 3698 ὁ
1202 3627 1345 3717 ποιητὴς

170 3735 318 3803 ἐνταῦθα
340 3734 440 3823 λέγει,
463 3732 559 3805 καθοί
580 3762 647 3804 που
668 3736 726 3804 καὶ
747 3735 782 3804 ἐν
799 3732 921 3805 Ἰλιόόι
941 3734 1051 3817 πύλας
1071 3738 1128 3806 τὸν
1146 3734 1254 3807 τόπον
1267 3735 1345 3822 περὶ

170 3834 209 3909 tv
230 3839 266 3909 αί
286 3840 401 3914 πύλαι.
443 3845 534 3913 Idam
558 3848 719 3913 monitum
739 3849 780 3914 ad
802 3871 820 3911 ν
840 3853 915 3927 370,
936 3848 993 3914 ubi
1015 3849 1054 3915 de
1074 3848 1232 3929 Minerva,
1258 3847 1344 3915 Ulixi

169 3951 328 4019 thesauris
357 3955 391 4019 in
417 3952 641 4040 Nympharum
666 3959 759 4022 antro
780 3955 970 4036 reconditis,
989 3957 1118 4025 dicitur:
1143 3953 1201 4022 καὶ
1220 3952 1263 4020 τὰ
1283 3951 1344 4038 μὲν

169 4050 206 4125 εί
226 4057 404 4147 κατέθηκε,
427 4057 530 4129 λίθον
552 4055 584 4126 d'
601 4058 751 4150 ἐπέθηκε
771 4054 924 4150 θύρῃσιν.
952 4062 1002 4130 lbi
1020 4063 1112 4130 Euat.
1128 4066 1171 4151 (p.
1189 4072 1276 4144 1744,
1290 4067 1343 4149 20)

169 4163 258 4253 λέγει
274 4164 312 4233 δὲ
326 4159 444 4251 θύρας,
468 4162 515 4246 ὡς
528 4166 586 4235 καί
598 4164 835 4258 προεδηλώθη,
851 4168 911 4259 τὴν
926 4174 986 4237 τού
1000 4166 1167 4256 σπηλαίου
1184 4164 1280 4259 ὀπήν.
1302 4212 1343 4224 -

168 4275 265 4363 Apud
294 4275 504 4362 Apollonium
529 4279 589 4348 lex.
616 4277 657 4345 H.
680 4304 711 4366 p.
734 4287 794 4349 600
821 4281 914 4366 (120,
938 4284 978 4347 37
999 4279 1070 4364 Ba>
1099 4279 1178 4345 haec
1203 4279 1342 4366 legimus

168 4379 276 4469 ὅμως
291 4377 324 4448 d'
338 4377 376 4449 ού
392 4380 520 4472 λη’θετσ
532 4378 660 4475 χάρμης
673 4390 729 4471 (Μ
736 4391 828 4472 393).·
842 4381 1013 4472 εἰώθαμεν
1030 4424 1079 4453 -.
1108 4386 1173 4455 Sed
1185 4387 1265 4457 haec
1279 4388 1343 4455 iam
