3425 4934
365 287 422 352 184
542 281 588 338 111.
611 280 654 337 De
671 277 827 336 Aristarchi
844 278 962 335 scientia
978 277 1157 350 antiquitatis
1173 275 1345 334 Homericae.

863 447 1029 514 Hermes.

443 601 586 668 Homero
607 622 675 667 non
695 592 931 682 ψυχοπομπός.
974 598 1061 665 Hinc
1086 600 1214 685 spurius
1238 620 1349 665 versus
1371 599 1530 664 extremae

362 709 421 776 Od.
438 715 464 777 1.
491 710 628 776 Animae
641 710 730 795 ipsae
745 708 873 775 nemine
895 706 1068 774 comitante
1090 710 1208 775 terram
1228 707 1376 774 subeunt.
1411 707 1449 769 X
1460 708 1530 771 362

361 807 512 904 ἀκάκητα
532 820 571 882 Π
592 823 659 886 185.

877 1064 1017 1132 Musae.

443 1216 540 1284 Nunc
565 1240 663 1286 unam
688 1218 836 1284 nominat
861 1238 947 1283 nunc
972 1216 1093 1302 plures,
1121 1218 1206 1284 sicut
1225 1217 1260 1283 in
1280 1214 1423 1284 Ilithuiis
1443 1214 1530 1281 facit.

362 1326 493 1394 Certum
518 1329 551 1392 et
577 1325 744 1392 definitum
771 1347 883 1392 eorum
908 1346 1078 1391 numerum
1099 1347 1165 1392 non
1187 1325 1277 1392 novit
1297 1347 1357 1392 nec
1376 1324 1531 1391 nominat

297 1450 345 1502 leo
363 1433 484 1500 Versus
516 1437 675 1499 extremae
706 1432 867 1517 Odysseae
894 1433 1034 1497 Μοῦσαι
1068 1425 1100 1496 δ’
1131 1428 1227 1498 ἐννέα
1257 1435 1367 1498 πᾶσαι
1394 1430 1530 1518 spurius.

360 1545 400 1607 Λ
420 1546 490 1610 270.
522 1564 549 1606 ω
575 1550 601 1609 1.

866 1788 1035 1858 Neleus..

443 1941 626 2011 Secundum
646 1941 840 2008 recentiores
862 1942 903 2008 ab
925 1941 1074 2022 Hercule,
1095 1965 1168 2009 cum
1186 1941 1303 2029 Pylum
1323 1946 1532 2030 expugnaret,

361 2074 481 2119 caesus.
511 2049 672 2116 Homerus
686 2055 801 2136 postea
819 2072 895 2116 eum
914 2050 1076 2116 viventem
1096 2051 1181 2117 facit
1214 2053 1254 2115 Λ
1267 2055 1338 2120 683.
1369 2050 1454 2134 (Ηοο
1475 2073 1533 2116 ne·

361 2160 462 2247 glexit
481 2161 594 2225 notare
615 2157 723 2244 Vogel
744 2158 783 2225 de
804 2157 943 2224 Hercule
964 2181 995 2243 p.
1014 2159 1057 2242 3.)

831 2330 950 2338 ——.---...
955 2330 1061 2338 —-—-

279 2479 351 2548 (rer)
889 2458 1013 2526 Niobe

362 2632 424 2677 sec.
438 2608 618 2677 Homerum
632 2632 699 2677 nou
713 2613 838 2677 munta
851 2610 886 2676 in
901 2632 1023 2677 saxum.
1058 2610 1180 2678 Versus
1194 2611 1226 2676 Ω
1241 2618 1406 2681 614-617
1421 2612 1531 2699 spurii.

361 2716 435 2786 Sela
460 2717 493 2782 Ω
520 2723 590 2786 613.
632 2718 740 2785 Liberi
766 2718 835 2785 eius
862 2719 1045 2797 duodecim
1080 2720 1274 2787 recentiores
1301 2742 1388 2788 nunc
1415 2720 1532 2806 viginti

363 2829 524 2911 quattuor,
545 2848 631 2893 nunc
652 2826 768 2913 viginti
788 2827 922 2896 faciunt.
956 2826 988 2890 Ω
1009 2833 1079 2896 604.

492 3063 499 3098 l

848 3112 1047 3202 Odysseus.

444 3263 478 3324 Ι(
497 3265 557 3329 265
579 3257 678 3337 πῖλος
699 3253 833 3348 ἀρήρειε
854 3254 889 3350 (ἦ
909 3261 1027 3351 διπλῆ)
1045 3258 1100 3330 ὁίι
1113 3259 1152 3329 τὸ
1168 3259 1281 3330 κοινὸν
1294 3260 1352 3330 καὶ
1369 3268 1533 3352 συμβεβη-

361 3364 421 3445 κὸς
445 3368 520 3445 ταῖς
548 3363 830 3458 πιρικοφολαίαις
858 3364 1013 3449 εἰπόντος
1037 3373 1098 3437 τοῦ
1120 3373 1261 3458 ποιητοῦ
1282 3368 1454 3462 ζωγράφοι
1475 3369 1532 3438 καὶ

361 3469 509 3541 πλάσται
534 3470 649 3540 πιλίον
676 3472 845 3544 ἐπέθεσαν
870 3481 919 3566 τῷ
943 3471 1105 3546 Ὀδυσσεῖ.
1146 3479 1192 3546 Gi
1217 3480 1316 3546 schol
1343 3481 1372 3547 V
1396 3481 1427 3549 h.
1453 3481 1475 3547 l.
1498 3485 1532 3547 et

361 3582 511 3651 Eustath.
531 3587 614 3666 (804,
637 3588 697 3668 16).
732 3584 804 3653 Ille:
826 3578 1086 3672 Ἀπολλόδωρος
1107 3580 1126 3655 ὁ
1147 3580 1356 3676 οκιαγροὶφος
1376 3584 1532 3655 ἐντεῦθεν

362 3694 496 3777 πρῶτος
514 3684 643 3779 ἔγραψε
662 3691 764 3759 πῖλον
783 3686 944 3764 Ὀδυσσεῖ.
986 3681 1058 3760 ἀλλ’
1082 3689 1143 3762 οὖν
1169 3684 1211 3783 ἦν
1232 3687 1334 3761 αὐτοῦ
1354 3688 1375 3783 ἡ
1398 3719 1531 3783 περικε-

362 3793 505 3891 φαλαία,
528 3797 640 3868 κοινόν
654 3822 690 3865 τι
704 3803 790 3867 πᾶσι
803 3798 841 3868 τὸ
856 3795 951 3883 llere
986 3803 1094 3871 Euat:
1115 3795 1224 3869 ἰστέον
1240 3799 1277 3869 δὲ
1289 3801 1348 3870 καὶ
1368 3799 1421 3871 ὅτι
1441 3803 1531 3894 πάσῃ

361 3904 422 3990 μὲν
447 3901 697 3997 περικεφαλαίρ
721 3905 806 3974 κατὰ
827 3907 905 3988 τοὺς
931 3908 1100 3989 παλαιοὺς
1119 3907 1305 3999 συμβέβηκε
1326 3910 1426 3979 πῖλον
1447 3907 1532 3993 ἔχειν

363 4007 470 4094 ἐνιός,
500 4009 533 4082 οἱ
559 4012 596 4081 δὲ
617 4010 770 4102 νεώτεροι
791 4009 837 4096 ὥς
856 4012 947 4086 ἴδιόν
966 4041 1000 4083 τι
1022 4010 1221 4097 ἀκούσαντες
1241 4014 1390 4085 ἐνταῦθα
1410 4017 1449 4087 τὸ
1469 4024 1532 4088 τοῦ

361 4118 464 4190 πίλου
487 4116 625 4190 ἔπεισαν
644 4120 721 4203 τοὺς
735 4120 930 4216 ζωγράφους
948 4120 1066 4193 πιλίον
1085 4121 1299 4211 περιτιθέναι
1311 4132 1360 4216 τῷ
1369 4121 1531 4201 Ὀδυσσεῖ,

363 4229 537 4298 καὶτοῦτο
558 4234 703 4318 πρῶτος,
728 4230 846 4322 φασίν,
879 4230 1035 4322 ἐποίησεν
1053 4226 1311 4317 Ἀπολλόδωρος
1331 4230 1350 4303 ὁ
1371 4232 1532 4321 σκιαγρᾶ-

363 4363 437 4430 (ρος.
474 4340 563 4419 Quae
584 4341 769 4409 testimonia
791 4344 830 4409 de
851 4343 1054 4429 Apollodoro
1076 4344 1231 4430 fugerunt
1251 4344 1421 4435 silligium.
