3425 4934
633 318 656 369 1.
679 312 721 369 De
737 312 907 369 nocentibus.
1295 310 1356 373 253

186 481 306 546 soristo
333 475 480 568 πίφνων.
522 480 575 546 Ad
596 483 626 545 P
648 488 709 551 539
728 477 966 567 καταπίφνωνε
998 470 1211 561 Ἀρίσταρχος
1235 471 1283 557 ὡς
1305 470 1358 542 τί·

184 610 283 671 μνων.
312 588 365 653 Ad
378 591 418 651 Π
435 592 495 655 827
516 582 705 676 πέφνονταε
726 583 772 668 ὡς
790 584 966 672 τέμνοντα·
989 580 1094 662 οὕτως
1112 579 1171 649 καὶ
1185 578 1358 671 Ἀρίσταρ-

184 717 251 775 χος.
280 688 299 761 ὁ
322 690 361 760 ὀί
377 689 565 781 Τυραννίων
585 689 765 781 παροξύνει
786 690 832 774 είς
852 687 1011 779 λαβόντα,
1036 684 1187 777 δεύτερον
1201 685 1358 780 άόριστον

186 793 409 884 ἐκδεχόμενος.
438 798 544 881 ούτως
566 799 604 868 δὲ
620 801 678 869 καί
697 801 759 890 τὴν
779 797 919 869 εὐθεῖαν
934 795 1043 883 ὀξίνει
1057 802 1145 887 ,μῆρ
1161 792 1258 881 ίίχεος
1270 803 1358 883 μεθ-

187 906 284 998 έηκα,
318 904 469 996 χερείονά
500 931 562 996 περ
594 903 844 1000 καταπεφνοίνα
875 913 918 995 (Ρ
940 914 1027 995 539),
1058 911 1117 976 τοῦ
1142 900 1357 993 Ἀριστάρχου

186 1010 393 1102 βαρύνοντος.
435 1010 495 1083 καί
517 1039 579 1100 μοι
606 1018 700 1084 δοκεῖ
726 1013 745 1084 ὁ
770 1012 959 1104 Τυραννίων
984 1010 1073 1103 λόχῳ
1093 1011 1181 1101 ύχιεῖ
1196 1018 1358 1102 χρῆσθαι·

188 1119 218 1190 εί
250 1123 312 1211 γὰρ
343 1120 461 1214 πέφνω
490 1121 630 1215 πέφνεις
660 1121 785 1214 πέφνει
816 1119 856 1193 ού
883 1123 1036 1212 λέγομεν,
1065 1117 1298 1202 ύποτακτικῶς
1321 1119 1359 1190 δὲ

187 1228 305 1322 πίφνω
328 1228 459 1322 πέφνῃς
478 1230 590 1322 πέφιη
611 1229 669 1298 καί
689 1230 824 1324 ,πέφνε
839 1231 900 1319 γὰρ
912 1228 1129 1319 Ὀθρυονῆαῑί
1151 1234 1199 1317 (Ν
1210 1234 1284 1318 363)
1302 1228 1359 1298 καί

187 1334 257 1406 ἐστι
279 1333 430 1426 (λωίτερος
451 1333 605 1425 ἀόριστος
625 1336 671 1419 ὥς
690 1335 792 1426 ἔλαβε
811 1333 906 1425 λάβω
928 1336 1033 1429 λάβης
1056 1337 1151 1428 λάβῃ,
1180 1337 1284 1426 δῆλον
1304 1335 1359 1406 ὅτι

189 1440 370 1537 ὀφείλομεν
394 1444 452 1513 καί
479 1446 540 1535 τὴν
562 1446 705 1537 μετοχὴν
726 1443 864 1530 ὀξίνειν.
908 1443 926 1516 ὁ
952 1444 1090 1532 μέντοι
1108 1439 1360 1534 Ἀρίσταρχος

188 1553 254 1621 καί
274 1558 326 1642 τῷ
345 1558 565 1642 χαρακτῆρι
588 1561 810 1646 τῆςφωνῆς
832 1551 1004 1641 ἐπείσθη
1026 1552 1092 1621 καί
1117 1550 1242 1632 οὕτως
1262 1548 1357 1638 ἐβά-

188 1686 314 1751 ρυνεν.
342 1659 416 1729 ἐπεὶ
435 1660 497 1748 γὰρ
518 1657 554 1729 αλ
575 1657 623 1742 είς
643 1687 707 1729 νων
721 1660 885 1751 λη’χουσαι
897 1657 1046 1748 μετοχαί,
1066 1657 1201 1744 ἔχουσαι
1216 1659 1285 1747 πρὸ
1299 1664 1359 1728 τοῦ

188 1765 405 1858 νσύμφωνον
430 1763 499 1836 κατ’
525 1767 730 1858 ἐπιπλοκήν,
752 1766 831 1860 ἤτοι
852 1766 1050 1856 ἐβαρύνοντο
1073 1762 1096 1858 ἢ
1116 1772 1356 1855 περιεσπῶνιυ,

187 1871 350 1944 οὐδέποτε
372 1875 409 1944 δὲ
430 1871 607 1960 ὠξύνοντο,
636 1876 748 1963 ὥσπερ
775 1873 842 1961 ἔχει
862 1872 883 1967 ἡ
906 1875 1042 1965 τέμνων,
1066 1871 1211 1961 κάμνων,
1234 1870 1360 1942 πίτνων

187 1987 329 2072 (πιττῶν
352 1986 502 2054 Lehrsius
528 2010 602 2054 oum
629 1986 823 2074 Lobeckio>‚
855 1981 1034 2072 ἐδοκίμαζε
1058 1982 1116 2052 καί
1140 1983 1201 2072 τὴν
1221 1981 1359 2074 πέφνων

186 2088 351 2180 βαρύνειν,
373 2087 444 2175 οὐχί
466 2086 602 2175 ὀξύνειν.
630 2087 661 2159 εί
687 2092 726 2160 δέ
738 2118 789 2174 τις
803 2091 911 2179 λέχοι·
934 2088 1039 2161 διὰτί
1055 2091 1118 2180 γὰρ
1138 2086 1177 2159 ού
1192 2094 1358 2180 περισπᾷς

187 2196 430 2289 διδαχθήσιται
456 2197 493 2267 ἐκ
522 2206 581 2288 τῆς
603 2198 755 2280 κλίσεως·
789 2194 828 2269 οὗ
860 2200 922 2288 μὰρ
953 2205 1143 2292 πεφνοῦντα
1173 2197 1310 2287 ἐροῦμεν
1335 2192 1360 2286 ἢ

187 2311 365 2397 πεφνῶντα
395 2303 441 2387 ὡς
465 2313 619 2375 νοοῦντα·
649 2305 754 2388 ούτως
781 2306 819 2375 δέ
846 2307 903 2377 καί
931 2305 952 2397 ἡ
979 2313 1054 2395 λβ)
1078 2306 1198 2395 μετοχὴ
1223 2302 1261 2397 (ἡ
1283 2301 1361 2384 ἴσας

186 2412 306 2503 μετοχὴ
337 2418 419 2484 coni.
445 2417 596 2484 Lehrsius
629 2418 701 2485 coll.
729 2418 883 2505 Apollon.
907 2419 975 2485 σᾶν.
1007 2418 1085 2504 587)
1110 2409 1286 2504 ἐβαρύνετο
1311 2417 1359 2502 τῷ

185 2527 369 2611 χαρακτῆρι
389 2521 506 2615 καλιῇ
531 2522 696 2612 ποιότητιΙ
711 2528 771 2590 τοῦ
791 2520 964 2608 στοιχείου,
989 2517 1028 2592 ού
1054 2528 1094 2613 τῇ
1115 2519 1224 2591 κλίσει
1239 2526 1280 2614 τῇ
1300 2525 1359 2589 τοῦ

188 2627 375 2710 ἐνεστῶτος,
399 2626 510 2717 ὥσπερ
532 2625 754 2716 ἀπεδείξαμεν
766 2633 820 2701 ¹⁶².

269 2741 342 2806 Huc
366 2761 462 2825 porro
488 2739 655 2807 referimus
678 2733 802 2826 είρυτο,
827 2734 947 2808 ε’ίλυτο.
990 2740 1110 2807 Herod.
1130 2743 1169 2805 Π
1186 2745 1248 2808 542
1265 2731 1441 2825 Ἀρί-(415)

186 2865 326 2932 σταρχος
349 2842 460 2934 τρίτην
490 2839 559 2914 άπὸ
586 2844 702 2927 τέλους
725 2846 787 2936 τὴν
808 2840 920 2929 ὀξεῖαν
940 2852 1049 2926 ποιεῖ,
1080 2842 1180 2934 ὖχιῶς
1200 2839 1296 2916 πάνυ.
1339 2840 1358 2911 ὅ

187 2948 226 3019 δέ
249 2948 438 3037 Τυραννίων
458 2958 690 3043 προπερισπᾷ,
714 2951 752 3021 ἐκ
776 2958 837 3021 τοῦ
859 2948 983 3041 εἰρύατο
1004 2950 1142 3045 φάσκων
1163 2948 1244 3021 αὐτὸ
1265 2972 1359 3042 συνη-

187 3058 341 3150 λεῖφθαι.
376 3057 515 3127 δύναται
535 3056 573 3127 δὲ
593 3059 631 3129 τὸ
654 3055 763 3147 εἴρυτο
784 3060 906 3128 κλιθέν
927 3055 998 3131 άπὸ
1019 3066 1085 3128 τῶν
1105 3057 1153 3142 είς
1171 3087 1212 3146 μι
1233 3056 1360 3146 ὁμοίως

185 3171 233 3255 τῷ
250 3163 430 3253 ἐζεύχνυτο,
452 3161 553 3255 ἤνυτο
574 3173 695 3249 »θοῶς
715 3167 755 3236 δέ
775 3165 808 3236 οἱ
829 3163 932 3259 ἤνυτο
952 3166 1072 3257 ἔργονα
1094 3174 1123 3257 (s
1137 3174 1212 3256 243)
1226 3164 1359 3236 ἐκτετά-

185 3279 280 3341 σθαι.
324 3272 428 3354 οὕτως
453 3268 611 3361 ἀξιοῦμεν
636 3276 693 3343 καί
719 3274 778 3344 ἐπί
802 3283 862 3347 τοῦ
882 3273 993 3346 εἴλυτο
1017 3281 1046 3364 (ε
1065 3283 1139 3364 403)
1160 3277 1218 3344 καί
1239 3271 1358 3363 είρυτυ.

186 3386 219 3448 Δ
241 3389 299 3453 138
319 3381 359 3450 τὸ
384 3380 421 3449 δέ
441 3378 535 3470 ἔρυτο
556 3383 721 3475 φιλούται
742 3384 799 3454 καί
817 3380 1116 3474 προπαροξύνεται.
1151 3380 1354 3471 ούτωςἈρί·
1375 3397 1426 3452 251

185 3512 333 3573 σταρχος,
356 3488 424 3557 καί
445 3486 616 3581 ἐπείσθη
639 3486 741 3581 αύτῷ
761 3489 782 3582 ἡ
805 3489 1041 3580 παράδοσις.
1066 3489 1222 3583 <otram
1245 3491 1360 3561 δὲκαὶ

185 3600 488 3682 προπερισπᾶσθαι
501 3600 639 3668 inseruit
651 3600 803 3669 Lehrsius
817 3603 991 3672 Herodian.
1011 3627 1042 3690 p.
1056 3606 1135 3690 222)
1154 3597 1225 3671 ἔστι
1246 3596 1307 3689 γάρ
1325 3626 1359 3669 τι

184 3706 275 3792 ῥῆμα
297 3699 393 3791 είρύω
417 3700 518 3794 <toto
540 3731 620 3775 corr.
640 3708 817 3797 Lehrsius>.
860 3706 978 3779 τούτου
1002 3707 1021 3779 ὁ
1044 3707 1268 3798 παρατατικὸς
1290 3734 1359 3777 πα-

252 3876 290 3917 164
306 3871 386 3940 Quod
406 3873 461 3931 hoc
481 3872 587 3931 scholio
608 3874 678 3932 feeit
694 3875 881 3945 Herodianus,
904 3877 958 3934 hoo
975 3878 1085 3950 saepius
1101 3878 1171 3935 fecit
1188 3878 1224 3950 (v.
1243 3881 1270 3933 Α
1286 3878 1358 3950 559).

183 3957 309 4015 Primum
335 3959 486 4016 concedere
512 3958 625 4015 videtur
652 3958 756 4015 rstioni
782 3978 849 4018 sene
877 3979 935 4018 non
963 3964 1096 4020 obseurse
1123 3962 1359 4019 adversariorum:

184 4042 251 4101 dein
265 4044 377 4114 quaerit
387 4044 523 4115 ponitque
536 4043 605 4113 quid
622 4047 733 4100 secutus
749 4044 787 4100 sit
803 4045 988 4114 Aristarchus,
1006 4047 1084 4102 euius
1101 4047 1281 4118 prudentiam
1298 4065 1358 4119 per-

182 4131 322 4199 spexerat,
341 4128 385 4183 cni
402 4126 551 4199 penedosin
567 4126 598 4182 in
615 4126 755 4199 plerisque
773 4128 972 4186 assentientem
988 4130 1149 4198 insenerst3
1172 4132 1261 4188 ethis
1279 4133 1359 4203 qussi

182 4211 347 4269 certioribus
358 4212 475 4268 ducibus
486 4214 671 4284 obtemperet.
700 4212 778 4267 Hsec
794 4214 876 4284 ponit
892 4216 923 4270 in
940 4214 1093 4272 estholios:
1114 4216 1246 4287 πέφνειν,
1258 4217 1358 4275 Aresd.

183 4303 241 4364 173,
259 4302 301 4353 20.
330 4294 453 4368 πέφναν
468 4298 507 4356 ib.
524 4301 583 4361 276,
601 4302 633 4353 22
651 4298 691 4366 (v.
709 4300 816 4366 qusest
834 4315 877 4368 ep.
890 4317 917 4369 p.
931 4302 1002 4369 118).
1031 4298 1161 4370 intelligo
1179 4317 1264 4370 quem
1280 4304 1358 4358 recte

182 4380 368 4439 indicaverim
389 4398 473 4453 supr-s
495 4382 530 4438 ds
547 4381 660 4439 Ioannis
677 4380 847 4452 Arssdiique
870 4383 1008 4455 excerptis
1031 4383 1140 4441 enatis
1156 4384 1191 4440 de
1210 4380 1358 4443 ουσιίοιιν,
