3425 4934
372 290 412 353 48
458 283 495 340 Π.
523 280 565 337 De
583 280 760 337 Aristarchea
777 279 979 337 vocabulorum
995 278 1205 336 Homericomm
1221 279 1462 351 interpretatione.

370 451 477 517 ferant
497 450 538 515 ad
558 449 745 524 Homerum
765 449 798 513 id
821 449 848 513 si
870 448 999 534 quando
1020 447 1054 513 in
1069 449 1257 515 Aristarcho
1273 449 1447 515 offenditur
1467 470 1545 514 con-

371 558 463 624 tinuo
477 559 681 623 mirationem
695 557 782 621 facit.
815 554 901 622 Istos
915 557 1067 621 nimirum
1082 556 1239 642 scopulos,
1262 578 1326 641 quo
1342 556 1435 622 facile
1458 556 1546 622 docti

371 666 557 750 copiosique
572 665 721 731 homines
735 664 827 748 quasi
842 663 992 730 Sirenum
1005 664 1145 730 carmine
1160 665 1341 743 trahuntur,
1363 686 1429 729 non
1448 663 1545 729 deeli-

371 796 475 839 nasse·
492 775 548 840 sed
573 773 710 859 fugisse,
740 794 779 837 ea
803 794 929 837 summa
956 794 993 838 ac
1014 773 1145 857 propria
1165 772 1343 838 Arismrchi
1364 773 1467 837 virhrs
1488 777 1546 838 est

370 880 496 946 Ponam
519 903 558 947 ex
578 880 642 945 hoc
663 901 782 968 genere
803 877 995 964 exemplum.
1032 877 1143 953 {2012

456 980 517 1053 οόκ
537 980 618 1053 ἔσθ’
643 974 739 1065 οὗτος
760 979 844 1075 ἀνὴρ
866 986 975 1072 διερὸς
994 979 1123 1071 βροτός,
1146 980 1223 1052 etot
1243 981 1384 1074 γένηται,

453 1091 495 1173 dg
514 1118 571 1161 κεν
599 1090 761 1181 Φαιήκων
782 1087 917 1180 ἀνδρῶν
938 1089 973 1172 ἐς
993 1096 1092 1179 γαῖαν
1109 1093 1231 1181 ἵκηται.

305 1202 423 1281 (5⁷)Ibi
451 1203 574 1290 legitur
600 1205 635 1270 in
656 1204 802 1271 scholiis:
835 1194 959 1287 διερόςτ
991 1198 1095 1280 οὕτως
1114 1200 1172 1269 τὸν
1194 1200 1300 1282 ζῶντα
1318 1194 1546 1286 Ἀρίσταρχος·

370 1309 390 1377 ό
411 1307 450 1375 δὲ
475 1306 721 1396 Καλλίστρατος
741 1306 863 1401 γράφει
882 1304 997 1396 δυερός
1017 1304 1036 1378 ό
1059 1305 1238 1393 ἐπίπονος,
1257 1309 1352 1394 παρὰ
1372 1308 1432 1398 τὴν
1452 1303 1543 1397 δόην,

237 1474 242 1485 .
368 1413 444 1509 η’τοι
462 1415 750 1507 κακοπαθητικός.

452 1528 525 1594 Hoc
545 1527 618 1595 loco
647 1529 675 1595 si
696 1529 902 1596 Aristarchus
929 1520 1041 1614 διερός
1060 1528 1214 1615 explicuit
1241 1525 1320 1607 ζιῦν,
1346 1526 1449 1592 altero
1470 1525 1544 1591 loco

370 1635 552 1717 Homerico,
574 1637 739 1723 quoidam
759 1637 874 1703 moidit
894 1636 1093 1717 vocabulum,
1115 1660 1128 1701 ι
1149 1641 1189 1705 43
1212 1627 1287 1701 ἔνθ’
1306 1626 1385 1720 ἤτοι
1398 1629 1459 1716 μὲν
1480 1629 1544 1717 ἐγὼ

370 1742 471 1829 διερῷ
485 1741 569 1810 ποδί
589 1741 751 1833 φευγέμεν
772 1737 878 1833 ἡμέας
897 1735 1035 1833 ἠνώγεα,
1058 1766 1131 1810 eum
1152 1764 1281 1810 sensum
1301 1742 1387 1810 vocis
1410 1739 1465 1830 ζῆν
1486 1742 1545 1808 ad·

369 1851 513 1918 hibuisse
540 1853 719 1918 censendus
741 1852 814 1931 erit,
843 1852 884 1918 de
905 1873 970 1937 quo
993 1851 1164 1935 exponitur
1189 1850 1230 1916 ab
1250 1849 1481 1936 interpretibus
1503 1850 1544 1915 ad

371 1958 471 2044 Soph.
495 1959 574 2026 Oed.
596 1960 634 2026 Τ.
657 1969 705 2028 45.
746 1959 836 2040 Quae
864 1960 1032 2026 translatio
1057 1981 1130 2025 cum
1157 1959 1281 2044 hagino
1308 1957 1468 2025 cothmno
1489 1979 1544 2022 ac·

370 2069 574 2133 commodata
588 2068 640 2148 sit,
660 2067 702 2133 ab
716 2067 889 2135 Homerica
903 2067 1109 2153 simplicitate
1124 2065 1238 2144 aliena,
1259 2070 1330 2131 tum
1343 2064 1425 2131 illud
1440 2064 1543 2131 offen·

370 2176 471 2240 sionis
492 2175 632 2261 plenum,
653 2175 741 2260 quod
763 2167 882 2258 διερός,
905 2179 942 2240 ut
963 2174 1014 2241 vel
1035 2174 1143 2259 pueris
1162 2177 1293 2253 notum,
1315 2195 1381 2239 non
1401 2172 1544 2238 vividum

371 2282 539 2367 significat,
560 2283 617 2349 sed
638 2283 747 2348 udum.
785 2280 988 2367 Quamquam
1009 2282 1117 2348 nescio
1138 2282 1301 2367 quomodo
1323 2281 1486 2359 acciderit,
1508 2284 1545 2346 ut

370 2389 442 2469 hoo,
464 2391 552 2474 quod
567 2389 754 2457 offensionis
768 2389 901 2475 plenum
923 2411 992 2455 esse
1015 2389 1088 2467 dixi,
1111 2393 1144 2454 et
1156 2392 1357 2454 vetustorum
1378 2392 1412 2453 et
1430 2409 1543 2453 recen·

371 2495 490 2560 tiorum
512 2496 659 2580 plurimis
679 2501 844 2581 promtum
870 2500 903 2562 et
924 2496 1108 2581 expeditum
1129 2496 1300 2563 videretur.
1333 2493 1422 2560 Num
1444 2516 1543 2581 nega·

370 2602 472 2687 bitur,
497 2603 586 2688 ipsos
612 2603 702 2670 vivos
724 2626 853 2670 succum
880 2608 913 2671 et
933 2604 1125 2690 sanguinem
1146 2603 1286 2670 habere?
1313 2602 1421 2670 Schol.
1443 2600 1461 2680 ζ
1481 2608 1541 2671 201

371 2703 432 2775 οὐκ
446 2703 519 2776 ἔσθ’
533 2698 630 2788 οὗτος
644 2702 729 2797 ἀνὴρ
745 2708 856 2797 διερός
869 2707 1004 2794 βροτόςι
1020 2710 1083 2792 ζῶν
1098 2707 1290 2797 ἐρρωμένως
1302 2707 1360 2776 καί
1373 2702 1544 2791 ἰκμάδος

369 2813 526 2898 μετέχων·
547 2815 604 2908 τὴν
623 2813 684 2902 μὲν
704 2816 766 2904 γὰρ
789 2816 875 2909 ζωὴν
894 2813 1032 2907 ὑγρότης
1050 2816 1109 2885 καί
1129 2812 1300 2905 θερμασία
1321 2813 1461 2898 συνέχει,
1484 2814 1545 2885 τὸν

371 2921 408 2990 δὲ
429 2920 581 2993 θάνατον
600 2921 767 3015 ψυχρότης
788 2925 846 2992 καί
866 2923 1022 3014 ξηρασία·
1051 2923 1135 2993 ὅθεν
1162 2924 1219 2993 καί
1240 2919 1418 3010 ἀλίβαντας
1439 2919 1471 2991 oi
1492 2947 1544 2990 νε-

370 3029 446 3117 κροὶ
466 3028 609 3116 λιβάδος
635 3033 681 3123 μὴ
707 3031 907 3118 μετέχοντες.
957 3036 1046 3114 Quae
1067 3039 1206 3104 suntab
1227 3034 1415 3113 Eustathio,
1445 3056 1543 3118 quem

369 3164 427 3227 pro
457 3143 555 3210 huius
591 3144 770 3210 sententiae
803 3142 933 3209 asseclis
969 3165 1099 3209 causam
1136 3147 1286 3230 agentern
1317 3142 1542 3228 producemus.

368 3248 470 3314 Addit
491 3252 577 3317 enim
597 3252 690 3319 haec:
721 3249 778 3317 καί
798 3245 818 3318 ό
841 3248 989 3331 κωμικὸς
1009 3247 1048 3315 δὲ
1068 3246 1198 3330 παίζων
1224 3243 1362 3315 αὖαίνου
1382 3243 1484 3315 λίβον
1506 3245 1544 3314 ἐν

369 3351 453 3443 ᾅδου
468 3346 555 3422 εἶναι
568 3354 717 3447 πλάττει,
739 3352 886 3427 ἀπὸτοῦ
907 3351 1033 3424 αόαίνω
1052 3356 1127 3436 θεὶς
1146 3353 1301 3440 τοῦνομα.
1325 3351 1545 3440 Πλούταρχος

371 3459 408 3529 δὲ
426 3460 462 3529 ἐν
481 3468 552 3544 τοῖς
566 3460 638 3532 κατ’
663 3458 763 3532 αότὸν
782 3469 1030 3548 ουμποοιακοῖς
1051 3488 1152 3554 φησιν
1174 3460 1291 3543 οὕτως·
1312 3459 1463 3549 ίγρότητι
1485 3463 1544 3531 καί

368 3567 553 3660 θερμότητι
565 3569 731 3663 τεθήλαοι
744 3573 785 3639 τὰ
802 3573 885 3660 ζῷα·
899 3566 919 3663 ἡ
935 3570 972 3640 δὲ
986 3567 1222 3662 ψυχρότηςκαὶ
1236 3567 1372 3660 ξηρότης
1386 3564 1535 3659 ὀλέθρια

320 3695 353 3746 48
371 3677 426 3745 διό
444 3677 623 3766 χαριέντως
636 3676 785 3770 Ὅμηρος
806 3680 919 3766 διερὸν
942 3679 1064 3769 βροτὸν
1084 3680 1206 3748 καλεῖ.
1227 3733 1235 3749 .
1255 3731 1291 3750 ..
1318 3675 1337 3749 ό
1364 3677 1402 3747 δὲ
1420 3674 1546 3766 ἀλίβας

368 3780 463 3853 naid
484 3786 637 3865 σκελετὸς
665 3784 723 3854 ἐπὶ
747 3794 872 3878 νεκρῶν
895 3788 1058 3876 λέγονται.
1094 3790 1242 3870 Brevin,
1270 3791 1326 3855 sed
1351 3790 1385 3856 in
1407 3790 1544 3857 eandem

368 3897 563 3963 sententiam
587 3897 815 3984 lexicographi,
842 3922 868 3966 e.
896 3921 927 3987 g.
953 3898 1006 3966 Et.
1033 3898 1077 3966 M.
1105 3900 1197 3985 (274,
1219 3897 1254 3983 4>
1281 3892 1314 3961 oi
1336 3896 1399 3981 γὰρ
1426 3895 1544 3978 ζῶντες

367 3999 477 4088 ὑγροί,
507 3995 585 4071 udor
607 3999 639 4069 δ’
669 4000 702 4071 oi
726 4009 917 4084 τεθνεῶτες.
956 4008 1095 4093 Hesych.
1116 4001 1246 4091 διερόνε
1271 3997 1386 4090 ὑγρόν,
1408 4003 1544 4091 χλωρόν,

369 4109 455 4190 ζῶον
476 4107 613 4197 ἔναιμον
635 4113 668 4193 (l.
689 4108 780 4195 ζωόν,
801 4107 967 4197 ἔναιμονγ
988 4108 1089 4200 ὑγρὸς
1108 4111 1171 4199 γὰρ
1191 4107 1210 4179 ὁ
1234 4110 1306 4199 ζῶν,
1327 4105 1346 4179 ὃ
1368 4111 1406 4179 δὲ
1427 4110 1545 4198 νεκρὸς

368 4212 497 4301 ἀλίβας.
531 4219 620 4286 Idem
642 4221 741 4307 διερῷ
763 4215 863 4287 ποδίε
882 4215 972 4307 δγρηῖ
993 4215 1043 4287 ἔτι
1066 4213 1135 4288 ἀπὸ
1156 4224 1217 4311 τῆς
1237 4217 1368 4307 βάσεως
1388 4217 1486 4288 ποδί·
1510 4216 1543 4288 oi

368 4323 406 4391 δὲ
427 4322 562 4409 ζιόντως,
583 4325 723 4415 ἐνεργῶς
745 4328 819 4418 (leg.
841 4352 914 4396 cum
935 4331 1071 4399 Heinsio
1094 4327 1201 4410 ζῶντι,
1226 4325 1369 4416 ἐνεργῷ).
