3425 4934
359 326 417 389 134
439 318 474 374 ΙΙ.
500 317 542 373 De
560 316 738 374 Aristarcheu
755 315 957 373 vocabulorum
973 316 1183 375 Homerioorum
1198 315 1439 387 interpretatione.

356 488 397 553 ad
417 510 446 554 v.
469 493 543 567 346,
569 486 603 552 in
630 507 695 570 quo
723 507 805 570 quae
831 491 964 571 peccatu
985 489 1063 552 sunt
1083 508 1180 571 supra
1201 486 1323 551 conexi
1344 486 1378 551 in
1398 509 1426 552 v.
1447 473 1528 571 ὦδε)

356 596 403 662 εἰσ
421 595 540 680 scripta
558 595 703 660 fuerunt:
718 641 726 656 .
743 641 773 661 ..
795 585 943 658 κδκεῖσε·
963 590 1021 658 καὶ
1035 587 1144 658 ἔοικεν
1158 587 1370 680 ε’ξειληφέναι
1381 590 1419 660 τό
1434 582 1529 673 ,,ὦδε

356 700 418 788 γὰρ
439 696 599 787 δ’βρισαν“
621 704 708 785 (346)
729 703 888 785 τοπικῶς,
909 694 981 767 ἔστι
1002 696 1062 765 δὲ.
1079 752 1087 769 .
1102 750 1111 765 .
1127 703 1190 766 ,⁷⁶⁸

439 806 483 874 M
494 816 555 879 659
567 797 644 875 ,ὦδε
665 807 727 895 γὰρ
749 803 887 894 ἔβρισαν
900 802 1041 874 Λυκίων
1061 802 1156 894 άγοῖε
1176 802 1209 895 (ἡ
1226 807 1332 896 διπλῆ
1346 831 1526 895 περιεστιγ-

354 913 449 1005 μένη)
464 912 518 983 ὅτι
533 910 721 1005 Ζηνόδοτος
735 910 859 1006 γράφει
880 918 995 996 ,,κεῖσε
1017 914 1079 1003 γὰρ
1100 911 1262 1002 ἔβρισαν(ι
1284 910 1348 998 οόχ
1362 912 1462 1003 ὑγιῶς
1481 913 1528 996 εἰς

355 1024 481 1093 ἐκεῖνον
501 1023 559 1092 τὸν
571 1020 691 1091 τόπον·
715 1024 767 1089 δεῖ
787 1023 848 1109 γὰρ
867 1021 902 1091 ἐν
923 1020 1038 1112 ἐκείνῳ
1059 1029 1107 1109 cpi
1127 1017 1231 1112 τόπῳ.
1267 1024 1319 1090 δεῖ
1332 1020 1369 1090 δὲ
1388 1019 1529 1115 γράφειν

355 1123 436 1201 ὦδε
469 1131 593 1219 τὸγὰρ
618 1126 797 1218 λεγόμενόν
823 1129 924 1198 ἐστιν·
955 1129 1060 1211 οὕτως
1080 1128 1290 1226 δπεβάρησοζν
1312 1129 1397 1199 ὥστε
1414 1128 1529 1217 χρείαν

354 1239 440 1325 ἔχειν
464 1236 556 1328 ἡμᾶς
581 1234 778 1324 συμμαχίας.
821 1245 864 1307 Μ
881 1247 942 1311 368
970 1235 1073 1325 αὐτὰρ
1098 1237 1163 1327 ἐγὼ
1189 1234 1268 1307 κεῖό
1292 1231 1362 1325 εἶμι
1386 1238 1445 1307 καὶ
1469 1236 1529 1307 δν-

354 1347 436 1416 τιόω
458 1346 645 1432 πολέμοισι
665 1343 698 1436 (ἡ
717 1347 825 1435 διπλῆ
836 1344 1102 1435 περιεστιγμένη)
1125 1344 1178 1414 ὅτι
1196 1345 1385 1436 Ζηνόδοτος
1405 1341 1529 1438 γράφει

355 1460 458 1523 κεῖθι.
495 1460 594 1524 τοῦτο
622 1453 660 1523 δὲ
680 1451 835 1543 σημαίνει
855 1452 891 1522 ἐν
914 1449 1030 1542 ἐκείνην
1050 1460 1097 1543 τηῖ
1117 1451 1226 1544 τόπῳ·
1252 1455 1290 1523 τὸ
1314 1453 1351 1523 δὲ
1372 1460 1458 1522 κεῖσε
1480 1450 1529 1534 εἰς

356 1562 555 1632 ἐκεῖνοντὸν
575 1557 682 1631 τόπον
702 1558 928 1649 πορεύσομαι,
953 1560 1037 1646 ὅπερ
1058 1567 1113 1628 νῦν
1134 1557 1283 1650 ἁρμόζει.
1325 1565 1428 1644 Quem
1449 1587 1528 1632 oon·

355 1675 515 1741 fusionem
551 1675 586 1738 in
614 1672 678 1739 hoc
704 1695 822 1759 genere
848 1673 1027 1739 Homerum
1056 1674 1167 1739 decere
1196 1674 1379 1759 putaverint
1402 1673 1527 1739 nullum

355 1781 471 1849 melius
486 1782 666 1867 exemplum
681 1804 779 1866 quem
794 1780 882 1867 quod
896 1782 1029 1847 fuerunt
1042 1780 1139 1862 (sicut
1153 1781 1361 1866 Chrysippus)
1377 1781 1433 1866 qui
1447 1779 1528 1847 illud

293 1909 340 1961 135
441 1881 479 1955 οδ
502 1886 565 1974 γὰρ
587 1884 651 1972 ἐγὼ
676 1884 799 1971 Τρώων
821 1880 906 1953 ἕνεκ’
930 1880 1063 1973 η’λυδον
1085 1882 1273 1975 αἰχμητάων

438 1996 535 2084 δεῦρο
556 1991 843 2082 μαχησόμενος-

355 2107 406 2189 (Α
435 2108 507 2187 152)
532 2104 729 2190 explicarent
758 2104 828 2185 „hic
853 2103 1094 2190 proeliaturus“.
1143 2104 1339 2191 zonarasp.
1365 2113 1435 2174 491
1475 2105 1529 2171 Et

355 2214 397 2279 Μ.
412 2220 482 2292 259,
496 2221 525 2280 4.
543 2212 651 2279 Schol.
668 2214 699 2278 h.
713 2213 732 2278 l
762 2212 851 2291 Quos
869 2213 956 2279 heud
970 2236 1036 2280 ven
1027 2213 1207 2280 dissimile
1222 2217 1414 2280 estceusem
1436 2236 1528 2280 suem

355 2321 540 2386 sublevasse
562 2343 599 2387 eo
621 2319 692 2387 loco
715 2343 812 2405 quem
833 2320 874 2385 eb
895 2321 989 2386 initio
1010 2322 1192 2407 posuimus,
1220 2313 1325 2385 καὶ
1298 2312 1379 2385 εῖσω
1400 2312 1528 2401 δόρπον

356 2423 506 2508 ἐκόσμει,
530 2429 582 2494 vel
603 2428 760 2494 similibus
782 2431 823 2512 (v.
847 2429 948 2495 schol.
970 2434 1008 2494 A
1032 2433 1116 2513 162),
1144 2451 1226 2514 quos
1248 2428 1362 2515 pingui
1382 2427 1529 2494 Minerva

355 2536 651 2621 interpretarentur.
690 2535 777 2603 Plut
798 2558 886 2622 poes.
908 2536 1004 2602 Hom.
1026 2531 1058 2618 β’
1081 2541 1120 2605 63
1142 2533 1200 2601 καὶ
1222 2528 1432 2620 ἐπιρρήματα
1452 2557 1527 2600 τινα

355 2637 550 2709 ἐναλλάσσει
568 2646 639 2719 τοῖς
659 2637 707 2720 εἰς
727 2637 832 2709 τόπον
852 2641 911 2709 καὶ
931 2645 1002 2721 τοῖς
1022 2639 1057 2709 ἕν
1077 2636 1172 2729 τόπηι
1191 2641 1249 2709 καὶ
1268 2646 1339 2720 τοῖς
1359 2639 1396 2708 ἐκ
1420 2638 1527 2710 τόποι·

354 2743 553 2837 ἀδιαφόρως
571 2742 749 2833 χριόμενος,
773 2744 839 2830 ,,οῖ
860 2744 892 2816 δ’
916 2745 1046 2836 (υἱωνοὶ
1061 2742 1093 2815 δ’
1110 2750 1201 2835 libri>
1223 2745 1387 2834 ἑτέρωσε
1409 2743 1526 2816 κάθι-

355 2858 445 2939 ζον(ι
478 2862 522 2942 (Υ
549 2862 620 2940 151)
653 2850 739 2923 ἀντὶ
769 2861 838 2925 τοῦ
870 2852 1053 2943 ἑτέρωθι·
1083 2860 1141 2924 καὶ
1173 2853 1293 2937 ,,Αῖἀς
1318 2852 1351 2923 δ’
1388 2855 1525 2942 ἐγγύθεν

353 2958 487 3054 ἦλθεν(
502 2969 557 3052 <H
569 2966 647 3051 219)
662 2957 736 3030 ἀντὶ
749 2969 809 3033 τοῦ
823 2962 924 3050 ε’γγός.
950 2966 1041 3033 Haec
1054 2966 1205 3033 subtilius
1220 2967 1402 3055 intelligere
1416 2968 1526 3034 docuit

354 3076 576 3142 Aristarchum
604 3075 713 3140 iudicii
743 3097 892 3153 acumen,
919 3075 1090 3141 accedente
1119 3078 1157 3140 ut
1177 3075 1260 3141 solet
1280 3080 1428 3141 accuratu
1449 3098 1526 3142 con·

271 3196 342 3267 (140)
356 3182 535 3248 suetudinis
560 3182 751 3248 Homericae
782 3182 975 3265 cognitione.
1024 3182 1155 3248 Etenim
1186 3204 1259 3249 cum
1287 3182 1339 3247 his
1369 3183 1527 3251 rationem

353 3292 475 3357 hebent
501 3290 561 3355 hue
585 3290 839 3356 observationes:
871 3294 905 3353 Κ
924 3296 985 3359 268
1007 3283 1192 3354 Σκάνδειαν
1214 3283 1246 3354 δ’
1272 3282 1337 3373 άρα
1360 3289 1464 3355 δῶκε·
1491 3286 1524 3377 (ἡ

354 3396 473 3483 διπλῇ)
496 3392 549 3462 ὅτι
569 3392 673 3474 οὕτως
692 3387 785 3462 εδπεν
807 3390 879 3461 ἀντὶ
900 3399 959 3461 τοῦ
981 3389 1029 3474 εἶς
1051 3389 1240 3463 Σκάνδειαν
1259 3391 1462 3476 ἀπέστειλεν,
1482 3393 1528 3475 ὡς

352 3498 522 3590 υπεύθετο
544 3502 606 3589 γὰρ
621 3500 824 3587 Κόπρονδε“
847 3507 899 3588 (Λ
913 3509 967 3588 21)
989 3498 1061 3570 rivel
1082 3509 1141 3572 τοῦ
1161 3498 1210 3584 εἰς
1226 3498 1365 3588 Κάπρον
1385 3497 1526 3591 ἠκούετο

353 3612 410 3680 διὰ
438 3611 476 3680 τὸ
508 3609 769 3697 διαγγέλλεσθαι
795 3609 832 3678 ἐκ
858 3607 965 3679 τόπου
992 3607 1040 3690 εἰς
1065 3608 1182 3683 τόπον.
1226 3618 1265 3679 Λ
1285 3622 1324 3682 21
1348 3607 1380 3698 (ἡ
1407 3612 1526 3699 διπλῇ)

353 3718 406 3788 ὅτι
432 3718 537 3799 οὕτως
562 3714 690 3808 εῖρηκεν
718 3714 766 3798 εἷς
790 3715 932 3804 Κάπρον
959 3714 1100 3808 ἠκούετο
1129 3719 1186 3788 διὰ
1216 3721 1254 3788 τὸ
1283 3717 1332 3801 εἰς
1355 3715 1462 3789 τόπον
1490 3717 1528 3785 ἐν.

351 3825 458 3898 τόπου
481 3824 744 3915 διαγγέλλεσδαι
766 3825 886 3911 ὅμοιον
907 3832 954 3915 τηῖ
974 3825 1185 3908 ,,Σιιάνδειαν
1208 3823 1239 3894 δ’
1263 3823 1329 3913 δρα
1351 3828 1527 3897 censen.

420 4048 588 4118 ²6⁸<Verba
606 4041 669 4103 ἔστι
687 4046 719 4104 δὲ
737 4041 803 4105 ciret
820 4055 875 4105 τοῦ
886 4042 983 4114 οὕτως
998 4050 1035 4105 eb
1054 4049 1186 4107 hocloco
1203 4050 1295 4106 ullone
1313 4066 1371 4106 esee
1388 4049 1526 4106 indicavit

352 4132 551 4188 Friedluender
567 4133 688 4188 Ariston.
706 4153 733 4204 p.
752 4136 824 4201 212)

419 4219 445 4259 ⁷7
479 4218 519 4272 Cf.
532 4217 644 4275 Hesiod
656 4217 707 4288 Op.
724 4223 772 4274 611
788 4209 937 4289 άπόδρεπε
956 4214 1058 4275 οἴκαδε
1074 4213 1189 4289 βότρν
1221 4217 1259 4274 m
1275 4216 1388 4275 haec
1375 4239 1402 4274 ιν
1404 4210 1526 4276 οἴκαδε

353 4294 494 4371 κέρδος
477 4321 563 4373 αρηαι
580 4306 639 4361 632.
669 4302 761 4359 πολὺν
778 4304 831 4362 σὺν
848 4297 956 4361 lade*
937 4322 1060 4374 αγειραν
1075 4295 1208 4369 Ἑλλάδος
1224 4301 1257 4371 ἐξ
1275 4301 1357 4375 ἱερῆς
1372 4302 1477 4375 Τροίην
1495 4301 1526 4369 ἐς

351 4385 560 4454 καλλιγύναικα
576 4392 635 4445 663.
