3425 4934
375 310 435 373 254
822 298 872 356 IV.
895 297 936 355 De
953 298 1091 370 prosodia.

373 465 515 556 θητικὸς
540 461 665 551 γίνεται
686 458 858 552 ιῖρυόμην,
889 462 928 534 τὸ
950 459 1060 550 τρίτον
1080 458 1225 548 εἰρύετο,
1256 454 1276 528 8
1298 460 1333 529 ἑν
1354 463 1542 553 συναλοιφῇ

373 574 431 642 καὶ
452 568 563 663 ἐνδείᾳ
582 576 644 640 τοῦ
666 596 680 637 ι
700 556 826 656 ἐγένετο
848 567 943 657 ἔρυτο
958 570 1069 660 <δρῐτο
1083 571 1217 658 lehre).
1246 574 1296 639 De
1310 574 1543 640 τρεισκαίδεκα

373 683 487 751 sutuic
514 682 746 760 Buttmnnnus3
780 681 819 746 de
846 682 1026 749 rationibus
1061 681 1209 747 similiter
1243 681 1300 747 sed
1334 681 1484 747 subtilius
1509 685 1543 745 et

372 793 505 878 propius
527 790 619 876 qussi
641 790 683 856 sd
703 790 835 875 linguae
856 789 1035 873 penetralis
1057 790 1223 867 secedens;
1245 789 1301 855 sed
1322 810 1400 853 usus
1420 791 1453 854 et
1466 788 1542 854 che-

372 905 476 966 rscter
501 903 534 965 et
555 897 745 965 observandi
774 897 944 983 diligentia
970 901 1004 964 et
1028 920 1142 964 sensus
1168 896 1285 962 insitus
1307 918 1364 962 eos
1384 896 1541 980 perduxit,

373 1030 439 1093 que
459 1005 639 1073 rationibus
660 1006 713 1072 vix
734 1005 953 1073 accessissent.

455 1175 524 1260 §ct
565 1171 634 1238 lem
659 1171 838 1237 Aristarchi
866 1173 1023 1238 rationem
1051 1175 1118 1237 tam
1145 1193 1325 1257 expressam
1353 1175 1385 1237 et
1405 1170 1543 1258 insigni·

372 1287 439 1348 tam
459 1281 630 1362 habemus,
655 1281 692 1344 ut
717 1279 751 1342 in
772 1280 883 1345 multis
911 1280 989 1367 quid
1010 1279 1173 1365 scripserit
1194 1280 1272 1365 quid
1293 1301 1360 1344 non
1381 1278 1544 1363 scripserit

372 1390 434 1474 ipsi
455 1389 614 1473 pessimus
635 1385 824 1471 perspicere.
858 1384 944 1465 Quid
964 1388 1065 1474 igitur
1087 1388 1126 1453 de
1147 1386 1210 1452 hoc
1230 1386 1302 1452 loco
1322 1386 1543 1466 iudicabimus,

373 1498 429 1582 qui
455 1497 490 1561 in
511 1495 580 1561 cod.
601 1493 633 1560 V
653 1493 775 1579 legitur
795 1493 835 1558 ad
857 1498 893 1556 N
911 1499 971 1563 809
993 1496 1032 1561 de
1053 1488 1253 1578 βιβοίσθωνί>
1277 1489 1456 1578 βαρυντέον
1476 1486 1543 1557 εἴτε

373 1596 443 1669 ἀπὸ
471 1605 530 1668 τοῦ
560 1603 649 1684 βιβῶ
675 1596 802 1685 ἐγένετο
834 1593 901 1666 εἴτε
930 1594 999 1668 ἀπὸ
1031 1604 1092 1668 τοῦ
1118 1596 1286 1686 βιβαστός.
1331 1593 1544 1685 Ἀρίσταρχος

373 1706 412 1776 δέ
433 1731 548 1801 φησιν,
572 1705 631 1773 δᾶν
653 1700 821 1796 δξύνηται,
848 1702 943 1775 ἔσται
962 1707 1075 1794 μακρὰ
1097 1705 1225 1793 διαβάς.
1267 1708 1339 1775 Ηοο
1356 1712 1543 1794 corruptum

373 1822 423 1884 est
447 1840 507 1884 nec
532 1816 673 1905 intelligi
693 1821 818 1903 potest;
848 1818 905 1884 sed
929 1818 956 1884 si
982 1818 1054 1904 quis
1081 1817 1186 1884 inesse
1208 1816 1382 1904 putaverit,
1403 1817 1542 1881 Arister-

372 1925 469 1992 chum
486 1924 583 1991 etiam
603 1925 716 1991 tulisse
731 1918 919 2008 βιβασθαίν,
944 1926 974 1991 ei
988 1926 1125 1991 fidenter
1139 1924 1397 2010 obloqueremur,
1417 1923 1542 1990 etiamsi

371 2057 437 2101 nen
459 2039 620 2099 servatum
639 2037 725 2099 essct
745 2034 786 2098 sd
808 2034 945 2099 eundem
962 2033 1070 2099 locum
1085 2032 1262 2098 Herodiani
1277 2030 1433 2111 scholion,
1455 2031 1543 2116 quod

370 2141 556 2208 huiusmodi
584 2145 646 2207 est:
675 2135 870 2226 βιβάσθωνε
904 2135 1092 2224 Τυραννίων
1113 2142 1278 2226 περισπᾷ,
1302 2131 1361 2218 cix
1385 2132 1542 2224 ὑγιῶςὸ

372 2246 440 2335 γὰρ
460 2244 660 2334 χαρακτὴρ
681 2250 848 2333 βαρεῖαν
868 2239 982 2313 τοίσιν
1004 2239 1184 2326 οίπαιτεῖ,
1208 2241 1274 2313 εἴτε
1296 2239 1366 2312 ἀπὸ
1381 2248 1441 2311 τοῦ
1454 2248 1544 2330 βιβῶ

371 2350 511 2441 βιβοίθω
537 2352 714 2440 γενομένου
741 2358 799 2421 τοῦ
828 2353 974 2444 ῥήματος
996 2351 1323 2440 περιπλεονιίσαντος
1351 2357 1411 2420 τοῦ
1432 2375 1466 2433 σ,
1497 2349 1544 2432 ὥς

373 2486 456 2553 φησι
485 2455 665 2543 Φιλόξενος
690 2465 730 2546 (v.
751 2465 791 2530 sd
817 2465 956 2548 0676),
985 2457 1051 2529 εἴτε
1081 2457 1150 2530 ἀπὸ
1178 2456 1341 2546 ὀνόματος
1363 2466 1421 2530 τοῦ
1441 2465 1543 2546 βεβα-

372 2567 449 2649 στός
473 2565 652 2655 βιβάσθων
677 2564 723 2649 ὥς
750 2564 867 2649 ἇϊστός
892 2565 1040 2637 ἀΐσθων·
1063 2568 1190 2656 γίνεται
1210 2565 1272 2657 χείρ
1292 2595 1367 2637 τινα
1387 2564 1458 2638 ἀπὸ
1477 2574 1543 2635 τῶν

372 2672 420 2756 είς
439 2701 496 2756 τος
516 2676 601 2743 κατὰ
622 2676 812 2765 μεταβολὴν
832 2682 893 2745 τοῦ
914 2677 1029 2759 τέλους
1050 2672 1098 2758 εἷς
1118 2683 1174 2744 θω
1194 2672 1378 2764 βαρύτονον
1397 2672 1540 2767 ῥήματα,

372 2780 501 2871 ἑχερτός
530 2782 677 2872 ἕχέρθω,
711 2780 843 2872 ἐρεκτός
869 2782 1014 2874 ἒρὲχθω,
1039 2780 1155 2864 ἆίσιός
1180 2779 1327 2853 ἀΐσθων·
1356 2784 1460 2865 οὕτως
1485 2785 1543 2852 καί

288 2905 359 2978 (266)
371 2892 463 2979 παρὰ
484 2892 523 2960 τὸ
544 2887 705 2978 βιβαοτός
725 2888 913 2979 βιβάσθων.
940 2891 1163 2983 παραιτητέον
1185 2892 1222 2959 δὲ
1242 2892 1300 2960 καί
1319 2893 1398 2972 τοὺς
1410 2888 1543 2975 ὀξίνου-

369 3025 429 3080 τας
455 2997 500 3080 ὡς
530 2995 681 3088 δεύτερον
707 2995 871 3091 ἀόριστον.
914 3002 1011 3086 (Hinc
1035 3003 1172 3070 frustula
1191 3009 1348 3071 venerunt
1368 3005 1402 3069 in
1423 3003 1475 3070 Et.
1497 3002 1541 3069 M

370 3131 401 3195 p.
427 3112 631 3194 197‚2c.)¹⁶³

453 3216 606 3302 Sequitur
630 3212 691 3296 λίς.
732 3218 824 3287 Eust
843 3243 876 3305 p.
897 3225 971 3299 841,
992 3226 1032 3288 22
1060 3215 1099 3284 τὸ
1129 3216 1165 3284 δὲ
1191 3214 1243 3297 λίς
1264 3217 1348 3284 κατὰ
1368 3215 1430 3303 μὲν
1447 3210 1541 3300 ’Api-

370 3347 522 3409 σταρχον,
551 3321 597 3402 δίς
623 3348 726 3415 φασιν
752 3320 784 3392 oi
810 3324 888 3413 περὶ
905 3319 1057 3392 Ἀπίωνα
1078 3324 1135 3392 καὶ
1153 3322 1361 3412 Ἡρόδωρον,
1389 3319 1539 3405 ὀξύνεται

370 3427 761 3516 συνεξομοιούμενον
781 3437 834 3520 τῷ
853 3438 1074 3521 χαρακτῆρι
1095 3439 1152 3501 τοῦ
1173 3431 1225 3513 κίς
1245 3430 1332 3513 κιός,
1361 3428 1410 3500 ἔτι
1429 3430 1466 3498 δὲ
1486 3432 1543 3500 καὶ

369 3543 429 3604 τοῦ
450 3541 511 3626 (τῷ
525 3541 591 3627 ed>
612 3537 663 3620 τίς
683 3540 741 3608 καί
762 3537 822 3621 θίς
842 3540 900 3609 καί
921 3537 980 3630 ῥίς,
1005 3536 1034 3608 εί
1053 3541 1110 3610 καί
1126 3537 1299 3630 διαφόρως
1314 3545 1418 3608 ταῦτα
1433 3536 1543 3609 κλίνε-

305 3668 355 3721 253
371 3671 429 3713 ται
454 3644 540 3733 πρὸς
565 3647 604 3716 τὸ
630 3644 691 3728 λίς.
734 3643 943 3733 δΑίσχρίων
967 3648 1020 3730 δέ,
1045 3673 1145 3742 φασι,
1174 3654 1324 3739 περισπᾷ
1346 3647 1403 3716 διὰ
1424 3648 1463 3717 τὸ
1486 3648 1544 3716 καὶ

369 3754 430 3844 τὴν
451 3750 638 3844 αἰτιατικὴν
660 3761 907 3843 περισπᾶσθαι.
936 3752 982 3837 ὡς
1002 3757 1065 3845 γὰρ
1083 3763 1147 3844 μῦς
1159 3763 1233 3842 μῦν,
1259 3756 1337 3841 δρῦς
1352 3758 1439 3842 δρῦν,
1457 3755 1544 3824 οὕτω

370 3862 427 3930 καί
448 3863 499 3943 λῖς
519 3863 580 3931 λῖν.
608 3858 639 3930 εἰ
660 3865 698 3932 δὲ
710 3861 814 3953 μηδὲν
827 3869 892 3932 τῶν
906 3859 955 3945 εἷς
970 3889 1002 3944 ις
1014 3870 1230 3953 περισπᾶται,
1248 3859 1321 3931 ἀλλ’
1339 3860 1357 3933 ὁ
1372 3859 1546 3951 Αἰσχρίων

368 3975 466 4039 τοῦτο
494 3968 620 4052 ἐποίει,
656 3967 825 4062 ἔκφεύχων
851 3972 1002 4062 θηλυκὸν
1022 3970 1184 4041 ἐπίθετον
1214 3967 1371 4055 ὀξυτονον
1398 3971 1437 4041 τὸ
1468 3972 1547 4053 „teg

368 4076 498 4168 πέτρη(ι
525 4076 561 4146 ἐν
579 4074 756 4170 Ὀδυσσεία
778 4077 883 4171 ῥηθέν
909 4085 945 4168 (μ
968 4086 1029 4168 64).
1072 4079 1130 4148 καί
1157 4078 1242 4149 οὕτω
1266 4078 1328 4165 μὲν
1357 4077 1483 4161 ἐκεῖνος
1506 4082 1544 4149 τὸ

435 4285 473 4327 ¹⁶⁸
494 4282 633 4339 Videntur
655 4281 770 4353 quidum
797 4281 883 4339 etium
906 4274 1001 4339 ἀίοντι
1026 4298 1077 4354 pro
1100 4282 1204 4340 νοτίοιο
1227 4281 1364 4340 habuisse.
1403 4281 1444 4340 Εο
1467 4282 1547 4340 ducit

368 4367 398 4423 Π
412 4373 461 4426 5⁰8
479 4360 596 4439 (ἀίοντι)
615 4367 656 4433 τίς
673 4367 798 4439 λέγοντι.
826 4361 922 4433 οὕτως
938 4368 990 4424 καί
1004 4360 1197 4442 Ἀρίσταρχος.
