3425 4934
455 310 475 361 l.
494 304 643 362 Aristonici
660 305 732 360 liber
750 306 785 360 de
801 305 876 360 notis
895 305 1054 361 Aristarchi.
1300 312 1336 375 13

162 473 216 539 Ad
240 474 274 536 Ψ
293 478 356 541 543
378 474 417 539 cf.
440 474 562 541 dissert.
585 497 648 542 sec.
670 498 695 542 s.
717 498 746 541 1.
767 513 806 524 -
822 476 854 540 Ω
875 482 936 545 624
957 475 995 541 cf.
1023 475 1114 542 670.
1136 477 1171 537 Χ
1185 480 1254 542 209.
1271 479 1339 541 351.
1352 481 1407 551 (11)

164 581 289 649 11257.
311 583 345 645 A
365 589 415 652 59.
437 584 480 666 (Β
502 589 571 652 599.
591 587 624 645 Z
644 589 712 652 153.
735 579 768 652 Ξ
786 587 867 668 170).
888 620 929 630 -

246 802 318 885 §7-
358 800 447 886 Ergo
473 800 535 867 hoc
557 801 699 881 dicimus,
732 824 852 882 omnes,
882 823 962 886 quas
990 800 1193 866 Aristonicus
1214 805 1340 881 tractat,

163 911 259 973 notas
280 907 459 974 Aristarchi
485 931 562 976 esse.
606 909 818 976 concedimus
839 913 949 975 tamen
970 930 1036 974 uno
1062 907 1203 974 alterove
1225 909 1298 975 loco
1320 932 1340 974 a

163 1015 331 1101 discipulis
352 1017 446 1102 signa
466 1016 575 1083 addita
595 1038 665 1083 esse
685 1039 724 1083 ex
744 1021 852 1083 mente
870 1016 1057 1083 Aristarchi

247 1122 342 1189 Talia
362 1125 457 1203 enim,
479 1145 561 1208 quae
582 1123 698 1190 solitus
719 1124 825 1192 fuerat
845 1129 958 1190 notare
980 1123 1193 1204 Aristarchus,
1225 1124 1253 1188 si
1273 1147 1339 1190 uno

161 1231 306 1299 alterove
338 1231 411 1299 loco
438 1254 504 1298 non
534 1235 710 1314 notaverat,
739 1231 869 1319 fugerat
900 1255 990 1310 eum,
1022 1236 1055 1297 et
1082 1231 1110 1296 si
1137 1232 1209 1316 quis
1237 1231 1339 1318 digito

161 1344 393 1424 monstrasset,
418 1341 487 1425 ipse
517 1340 627 1406 statim
656 1339 764 1424 diplen
790 1340 937 1425 posituro
975 1339 1146 1405 annuisset.
1203 1337 1286 1404 Item
1312 1339 1383 1410 1111

162 1448 236 1532 qais
259 1448 340 1533 quid
361 1449 512 1514 odoratus
532 1452 625 1526 esset,
653 1447 741 1532 quod
762 1447 803 1513 ad
830 1446 972 1533 aliquam
992 1446 1165 1513 lectionem
1185 1448 1340 1532 magistro

161 1555 335 1640 probatam
360 1554 482 1639 aliquid
509 1555 666 1622 momenti
692 1554 808 1621 addere
833 1558 958 1639 posset,
987 1560 1065 1620 nota
1085 1554 1192 1640 posita
1214 1553 1342 1632 „locum

161 1662 381 1747 reprehendit,
409 1662 464 1748 qui
491 1664 682 1747 praeteritus
708 1662 911 1750 negligentia
941 1666 1035 1729 erat.“
1082 1662 1216 1728 Poterat
1244 1662 1342 1726 ctiam

161 1769 230 1835 heri
254 1773 293 1836 ut
314 1770 519 1836 Aristarchus
541 1769 675 1837 consilio
697 1792 798 1835 unum
816 1769 993 1838 alterumve
1013 1770 1122 1837 locum
1138 1769 1342 1853 praetermit-

162 1880 262 1955 teret,
289 1877 345 1961 qui
371 1878 418 1943 rei
443 1878 508 1943 iam
536 1878 615 1943 satis
639 1878 795 1962 probatae
816 1879 868 1944 111
893 1878 1052 1944 incertum
1072 1878 1123 1944 vel
1144 1877 1341 1943 levissimum

162 1989 367 2051 momentum
394 1984 533 2050 adderet.
577 1984 669 2050 Talia
694 1985 795 2072 igitur
819 1985 1011 2051 addiderunt
1037 1984 1198 2070 discipuli3
1232 2006 1341 2069 quam·

164 2113 264 2176 quam
286 2115 394 2157 rarum
415 2092 619 2179 spicilegium
634 2096 710 2160 erat.
752 2092 923 2159 Praeterea
944 2114 1004 2159 nec
1022 2091 1104 2158 illud
1119 2092 1342 2171 omittendum,

163 2222 237 2264 cum
253 2199 433 2264 Aristarchi
455 2199 553 2265 editio
568 2199 702 2267 Homeri
724 2201 852 2286 saepius
868 2201 1027 2285 descripta
1048 2221 1108 2265 nec
1129 2200 1193 2264 iam
1214 2199 1342 2284 integra

164 2311 251 2373 esset
274 2309 325 2389 (ut
345 2311 458 2391 postea
480 2308 681 2391 videbimus),
701 2308 795 2374 facile
810 2309 954 2392 potuisse
977 2308 1131 2392 quasdam
1145 2309 1186 2373 ab
1201 2307 1342 2372 Aristar·

164 2414 225 2480 cho
249 2416 414 2499 appositas
435 2419 529 2481 notas
550 2416 755 2483 intercidere:
783 2437 847 2499 quo
877 2416 984 2480 minus
1006 2413 1171 2500 discipulis
1193 2414 1343 2479 dubitan-

165 2522 242 2588 dum
264 2526 342 2601 erat,
364 2524 443 2608 quin
465 2525 620 2590 adderent
641 2546 723 2609 quae
746 2524 815 2588 eius
836 2523 1016 2588 rationibus
1038 2522 1106 2587 sine
1128 2521 1194 2587 ulla
1216 2522 1343 2588 dubita·

163 2629 255 2697 tione
277 2631 496 2697 convenirent.
538 2630 687 2716 Denique
707 2631 769 2697 hoc
794 2631 828 2696 in
846 2653 978 2696 censum
998 2629 1092 2695 venit
1125 2629 1183 2694 Bis
1201 2629 1344 2696 ediderat

164 2738 373 2804 Aristarchus
399 2737 586 2806 Homerum.
635 2737 701 2805 Sed
728 2739 756 2804 si
783 2739 881 2804 etiam
910 2741 986 2822 post
1011 2737 1145 2802 alteram
1170 2736 1344 2801 editionem

164 2846 197 2910 in
219 2844 388 2931 publicum
410 2846 559 2912 emissam
580 2847 615 2910 in
635 2846 774 2933 legendo
797 2851 830 2911 et
850 2843 1091 2930 interpretando
1106 2842 1249 2908 Homero
1271 2866 1344 2927 per·

164 2954 255 3033 rexit,
277 2953 342 3018 hoc
364 2953 492 3019 demum
506 2957 653 3039 tempore
668 2954 825 3039 quaedam
844 2951 1070 3018 animadvertit
1090 2955 1186 3016 antea
1200 2951 1345 3016 nondum

163 3062 344 3129 observata.
386 3060 476 3128 Haec
503 3062 622 3127 sensim
648 3062 734 3127 haud
762 3061 858 3128 dubie
885 3082 958 3126 cum
985 3058 1143 3124 editiones
1168 3057 1345 3124 identidem

163 3169 425 3235 describerentur
449 3169 551 3234 textui
576 3168 698 3246 addita3
725 3173 868 3235 attamen
898 3167 1064 3254 quaedam,
1092 3187 1174 3250 quae
1196 3189 1251 3233 ore
1271 3170 1344 3231 tan·

163 3280 234 3342 tum
262 3281 445 3362 propagata
473 3275 525 3341 vel
545 3298 603 3361 par
624 3278 880 3358 commentarios,
907 3298 988 3362 quos
1010 3297 1076 3341 non
1099 3296 1345 3341 omnesomnes

164 3384 342 3463 habehant,
364 3383 496 3449 disiecta
510 3387 627 3462 essent,
648 3384 788 3451 eruenda
801 3383 902 3449 fuisse
922 3386 1014 3468 patet
1028 3387 1061 3448 et
1075 3405 1148 3449 sero
1163 3382 1344 3449 1111111111.

165 3494 323 3558 Attamen
349 3491 469 3569 damus,
495 3492 622 3557 utiam
647 3496 742 3557 111111
767 3490 1034 3578 significavimus,
1061 3491 1216 3575 quasdam
1243 3493 1346 3565 notas,

167 3619 247 3682 quas
270 3598 476 3664 Aristarchus
503 3619 563 3664 nec
587 3602 739 3682 posuerat
765 3619 825 3665 nec
845 3598 1056 3676 indicaverat,
1082 3620 1121 3663 ex
1149 3597 1217 3662 11111
1237 3600 1345 3661 mente

168 3710 200 3771 et
225 3705 375 3772 doctrina
400 3708 441 3772 ab
473 3705 636 3790 discipulis
664 3706 827 3790 appositas
858 3728 935 3771 esse.
992 3705 1082 3771 Haec
1111 3705 1175 3784 via,
1203 3725 1267 3788 qua
1291 3701 1346 3767 alii

169 3814 260 3898 quasi
283 3813 415 3879 lacunas
436 3812 591 3898 quasdam
606 3813 817 3899 expleverant,
839 3813 901 3898 ipsi
917 3834 1047 3898 quoque
1060 3811 1246 3878 Aristonico
1269 3831 1346 3875 con»
1359 3823 1414 3895 (11)

170 3942 258 3987 cessa
278 3921 352 3988 fuit.
393 3919 479 3986 Hinc
504 3924 555 3986 111
571 3921 658 4006 quod
684 3943 919 4006 nonnunquam
944 3920 1125 3985 invenimus
1145 3912 1347 4005 σημειωτέον

170 4028 221 4094 111
241 4022 465 4117 σημειώσαιτο
487 4019 529 4091 dv
548 4050 607 4106 τις.
655 4028 683 4093 O
707 4037 742 4097 11
766 4018 834 4111 αἷμ’
861 4023 985 4111 ἔμέωνε
1011 4019 1044 4115 (ἡ
1067 4023 1348 4115 1111111111ςώ

171 4122 240 4219 αἷμ’
264 4129 458 4219 ἆπὲμασσεν
480 4133 527 4220 (Ξ
537 4140 610 4221 437)
631 4137 728 4202 τοῦτο
750 4127 794 4201 dv
813 4158 866 4214 τις
885 4127 1115 4221 σημειώσαιτο.
1145 4132 1219 4202 Scil.
1242 4131 1276 4201 Ξ
1286 4141 1346 4202 437

171 4244 377 4311 Aristarchus
412 4233 482 4329 αἷμ’
515 4236 700 4329 ἀπέμεσσεν
733 4246 925 4330 probaverat
956 4265 1033 4329 prae
1073 4241 1174 4307 altera
1208 4241 1347 4308 lectione

173 4345 378 4435 ἀπέμασσεν.
406 4354 502 4420 Hunc
523 4353 630 4418 locum
653 4341 691 4416 αἶ
713 4344 722 4371 ’
746 4348 852 4435 ἐμέων
874 4355 901 4419 si
922 4372 1032 4420 111111
1053 4372 1119 4415 non
1142 4354 1309 4418 notaverat
1329 4374 1349 4417 a
