3425 4934
531 326 553 377 1.
583 319 624 375 De
642 323 715 385 cere,
733 318 854 384 aethere,
873 318 999 389 olympo.

366 482 502 554 Ἠελίου
524 481 626 572 ὀξεῖα,
648 482 750 574 νέφος
769 480 801 551 d'
824 479 864 554 αὖ
888 479 1026 574 φαίνοιο
1048 476 1162 571 πάσης

370 590 465 682 γαίης
487 587 561 661 οὐδ’
585 587 697 679 ὀρέων.

184 707 275 786 Quae
290 706 367 772 hinc
382 704 519 770 efficitur
533 704 658 771 claritas
678 726 716 770 es
737 708 787 769 est
807 695 924 788 αἴθρη.
960 702 1046 768 Hinc
1059 702 1142 768 Aiax
1163 700 1272 768 Iouem
1292 703 1354 767 im·

183 816 314 902 plorans
339 816 488 899 precatus
513 814 556 895 (P
573 816 646 895 646)
668 804 812 898 ποίησον
834 802 967 896 αἴθρην.
1009 808 1086 876 Non
1107 814 1235 896 poteret
1255 805 1354 895 ποίη-

184 941 243 989 σον
262 915 398 1006 αἰθέρα,
421 920 509 986 hunc
523 920 610 987 enim
624 941 690 985 non
703 918 782 985 facit
795 917 949 1004 luppiter,
972 918 1029 984 sed
1043 920 1083 984 ab
1098 918 1191 983 initio
1205 918 1240 983 in
1262 918 1354 984 coelo

184 1035 336 1098 extensus
362 1033 412 1095 est
439 1033 537 1114 etque
564 1031 714 1094 extensus
735 1028 797 1092 erit
821 1026 859 1091 in
884 1029 1064 1102 ueternum3
1097 1025 1196 1092 etsie
1217 1029 1355 1110 possunt
1429 1011 1433 1022 ¹

184 1139 327 1224 quidem,
355 1137 457 1202 stud
483 1139 631 1202 nostmm
658 1133 766 1200 locum
796 1134 1018 1219 respiciemus,
1044 1133 1156 1200 nubila
1182 1132 1292 1219 colligi
1322 1128 1360 1213 ἐξ

184 1238 322 1331 αἴθρης,
352 1266 419 1310 non
445 1238 483 1323 ἐξ
502 1236 706 1327 αἰθέροςῑθλ.
746 1241 846 1308 Recte
873 1242 970 1308 etiam
995 1241 1075 1308 illud
1105 1241 1222 1308 dicitur
1244 1242 1274 1304 Θ
1294 1245 1355 1308 556

183 1344 229 1430 ὦς
250 1345 282 1416 d'
299 1344 346 1417 ὅτ’
362 1347 398 1417 ἰν
420 1344 550 1439 οὐρανῷ
571 1344 676 1435 άστρα
698 1345 842 1440 φαεινὴν
860 1340 949 1436 άμφὶ
970 1342 1110 1435 ostelens
1131 1341 1257 1437 φαίνετ’
1280 1341 1356 1430 άρι-

183 1455 330 1542 πριπέα,
363 1452 419 1525 ὅτι
441 1451 468 1523 τ’
496 1453 616 1525 ἴπλιτο
642 1449 783 1545 νήνεμος
808 1449 929 1542 αἰθήρ·
968 1461 1002 1522 et
1030 1461 1144 1523 contra
1169 1449 1356 1543 ἠνεμόεσσα

184 1555 292 1654 αἰθήρ
322 1589 389 1634 non
415 1571 543 1654 poteret
569 1567 632 1632 diei
654 1566 694 1631 ab
716 1565 859 1632 Homero
881 1568 920 1631 ut
939 1565 1198 1652 significarentur
1218 1564 1356 1631 moleste

183 1676 299 1742 flentes
320 1678 354 1741 et
370 1675 489 1740 nimbis
507 1665 599 1740 mixti
620 1674 716 1741 venti.
754 1671 819 1739 Sed
839 1671 922 1738 illud
942 1675 1028 1738 recte
1054 1671 1170 1739 dicitur
1191 1675 1223 1756 (ο
1240 1676 1314 1755 293)

327 1785 433 1848 τοῖσιν
455 1775 487 1847 d'
510 1775 646 1865 ἴκμενον
668 1771 767 1866 οὖρον
787 1780 832 1846 ἴει
853 1778 1048 1865 γλαυκῶπις
1064 1772 1206 1865 Ἀθήνη,

328 1883 452 1973 λάβρον
473 1883 689 1974 ἐπαιγίζοντα
711 1880 753 1953 δι’
778 1880 929 1971 αἰθέρος,
954 1881 1044 1978 άφρα
1065 1880 1204 1967 τάχιστα

327 1999 403 2083 νηῦς
423 1987 554 2064 ἀνύσειε
575 1993 704 2063 θέουσα
726 1988 903 2083 θαλάσσης
923 1990 1070 2082 άλμυρον
1090 1991 1190 2079 ἴάωρ.

182 2104 248 2171 Ubi
275 2106 338 2171 hoe
364 2105 403 2172 de
427 2107 586 2173 industris
612 2106 755 2193 positum
779 2108 817 2171 ut
845 2105 1062 2191 intelligemus
1087 2105 1204 2170 acriter
1224 2103 1281 2170 sed
1301 2106 1351 2169 in·
1365 2105 1436 2178 (1⁷5)

183 2214 287 2280 eunde
310 2212 442 2279 flantem
467 2217 599 2279 ventum
625 2213 725 2279 fuisse
746 2213 838 2280 coelo
858 2234 972 2281 sereno
994 2234 1108 2279 navem
1129 2211 1273 2277 celeriter
1293 2212 1352 2276 im·

182 2305 369 2405 pellentem.
406 2320 540 2387 Poterat
554 2322 652 2388 etiam
667 2313 725 2384 ἀπ’
744 2313 901 2404 οὕρανοῦ;
922 2320 979 2386 sed
1000 2320 1057 2386 ubi
1077 2320 1212 2386 interest
1232 2319 1353 2385 clerum

184 2426 310 2493 coelum
333 2428 470 2514 cogitari
497 2429 606 2514 potius
628 2430 720 2516 eligit
741 2420 859 2515 αἰθήρ.
899 2426 978 2494 Illos
1005 2449 1116 2495 versus
1142 2427 1189 2493 sic
1209 2427 1353 2492 imitatus

183 2539 296 2602 auctor
315 2535 427 2621 hymni
447 2536 557 2622 Apoll.
579 2543 639 2606 433
1127 2593 1129 2598 ·

326 2633 407 2727 ἦλθ’
432 2637 554 2727 άνεμος
574 2642 728 2733 Ζέφυρος
747 2639 862 2729 μέγας,
888 2636 1036 2728 αἴθριος,
1056 2639 1093 2708 ἐκ
1114 2645 1199 2721 Διὸς
1221 2635 1327 2729 αἴσης,

327 2743 453 2836 λάβρος
474 2745 656 2834 ἐπαιγίζων
677 2748 715 2833 ἐξ
734 2746 885 2836 αἰθέρος,
909 2743 1000 2840 ἀ’φρα
1020 2745 1159 2831 τάχιστα

184 2864 219 2926 et
240 2860 318 2925 item
337 2881 465 2927 versum
485 2865 674 2947 sequentem
696 2867 735 2928 ut
755 2861 840 2947 apud
861 2860 1049 2926 Homerum.

266 2966 417 3033 Ceterum
442 2967 521 3035 levis
548 2968 705 3035 correctio
735 2968 918 3035 adhibenda
938 2967 1143 3033 Aristarcho:
1177 2992 1243 3035 non
1265 2970 1352 3034 omni

182 3097 222 3141 ex
248 3077 339 3159 perte
365 3075 450 3140 idem
481 3079 531 3141 est
556 3068 663 3162 αἰθήρ
689 3080 722 3142 et
748 3068 900 3159 οὐρανός.
947 3067 1098 3158 Οὐρανός
1123 3077 1228 3142 omnis
1253 3079 1353 3164 regio,

182 3204 265 3267 quse
287 3182 390 3247 nubes
411 3182 548 3262 excedit,
575 3206 640 3269 que
659 3184 714 3249 Dii
736 3187 824 3262 sunt3
854 3185 912 3251 sed
934 3185 1003 3251 eius
1023 3183 1135 3249 mfims
1155 3207 1242 3270 pers,
1270 3207 1352 3270 quse

181 3290 367 3356 hominibus
381 3290 514 3357 eduense
527 3295 585 3372 est
606 3292 735 3378 proprie
750 3292 847 3358 etism
866 3291 983 3357 dicitur
1003 3282 1122 3377 αἰθήρ,
1146 3293 1234 3378 quod
1255 3291 1351 3357 huius
1370 3303 1416 3354 ln

182 3397 324 3482 regionis
349 3397 503 3483 splendor
523 3403 714 3484 tempestate
736 3421 849 3466 serens
871 3399 963 3484 qussi
983 3399 1153 3467 hominum
1174 3400 1277 3467 oculis
1299 3421 1353 3465 ex·

181 3506 307 3592 positus
329 3510 387 3573 est.
428 3506 514 3573 Hinc
541 3529 737 3592 quemquem
762 3510 849 3572 recte
870 3506 925 3572 Dii
954 3507 1105 3574 dicuntur
1125 3513 1159 3575 et
1180 3502 1215 3572 έν
1236 3500 1354 3588 αἰθέρι

181 3636 253 3680 esse
274 3617 308 3680 et
329 3607 365 3678 έν
385 3605 527 3699 οὐρανῷ,
551 3618 660 3680 temen
681 3617 855 3699 utrumque
874 3616 971 3681 etiem
991 3616 1148 3704 distingui
1169 3619 1279 3703 potest
1300 3616 1352 3698 (ef.

180 3719 342 3787 Voelcher
368 3745 401 3808 p.
431 3723 495 3806 18),
530 3725 568 3788 ut
595 3723 630 3787 in
659 3721 724 3786 illis
759 3714 873 3808 αἴγλη,
912 3714 1102 3807 ὀρυμαγδὸς
1131 3715 1175 3788 δι’
1213 3715 1354 3805 αἰθέρος

182 3821 324 3911 οὐρανὸν
344 3818 396 3894 tus
423 3832 466 3913 (Β
487 3836 556 3900 458.
583 3832 613 3893 Ρ
631 3835 718 3913 425),
745 3833 779 3897 et
804 3830 934 3914 quondo
956 3831 1103 3898 Minerva
1128 3826 1219 3919 άρπῃ
1245 3823 1353 3897 εἰκυῖα

248 4056 285 4099 ¹⁰⁶
302 4049 393 4127 αίθήρ
405 4071 456 4124 pro
468 4053 617 4125 splendore
629 4056 727 4110 auctor
739 4053 972 4126 cynegeticon-nm
989 4059 1013 4112 A
1031 4061 1081 4112 22⁰
1098 4056 1145 4128 (de
1162 4057 1246 4113 armis
1263 4057 1353 4128 splen·

180 4139 323 4209 dentibus)
336 4131 420 4195 άντλα
434 4129 463 4194 δ’
474 4133 558 4210 αἴγλη
567 4142 679 4208 χαλκοῦ
695 4132 889 4212 duodecime
901 4133 1092 4210 φαεθοντιάς,
1110 4132 1184 4212 utura
1196 4134 1227 4197 δ’
1239 4133 1352 4198 ὀπίσσω

178 4222 352 4292 κλινομένης
369 4215 486 4288 άιπτνος
504 4213 707 4293 άπαστράπτει
724 4221 815 4288 πολὺς
831 4220 929 4297 αἰθήρ.
960 4224 1012 4281 Od.
1025 4227 1041 4294 ζ
1052 4231 1085 4280 44
1099 4215 1172 4282 άλλά
1182 4217 1249 4295 μάλ’
1261 4219 1352 4297 αἴθρη

178 4314 325 4365 πέπταται
347 4297 519 4375 άννίφελος,
540 4311 629 4379 λευκὴ
651 4299 677 4363 d’
692 4305 887 4381 ἐπιδέδρομεν
904 4312 996 4381 αἴγλη.
1029 4308 1082 4365 Hic
1099 4308 1222 4368 Rhisnus
1238 4311 1353 4382 legebat

181 4390 287 4465 αἰθήρ,
305 4391 383 4463 quod
400 4391 465 4448 ferri
483 4395 577 4463 potest
593 4391 617 4448 ei
632 4384 711 4461 μάλα
728 4391 850 4464 explices
867 4401 975 4459 „sane.“
