3425 4934
353 337 378 389 3.
405 331 539 401 Reliquae
556 332 704 388 verborum
725 331 972 403 interpretationes
989 331 1191 387 Arietaroheae.
1297 337 1355 397 145

189 501 240 565 An
271 491 345 566 άντί
371 496 599 586 ἐφαπτίδοςῗ).
647 500 747 567 Vides
774 500 902 566 duxisse
931 502 971 566 ab
1001 496 1036 565 ἐν
1063 503 1096 566 et
1123 499 1186 565 hoe
1215 496 1356 564 voluisse

188 608 321 674 firmare.
340 640 382 657 -
394 600 545 693 ’Ἐναρα
589 610 621 671 Κ
641 614 701 677 528
728 601 760 694 (ἦ
783 607 901 694 διπλῆ)
927 605 981 675 ὅτι
1001 608 1218 691 περιεκτικιῦς
1238 599 1356 669 καὶτὰ

186 708 267 795 τόξα
292 712 350 781 καὶ
374 713 412 782 τὸ
436 710 516 801 δόρυ
545 710 646 801 ἔναρα
673 708 783 804 εἴρηκε
808 714 867 781 σὺν
890 718 961 793 τοῖς
986 708 1104 792 άλλοις
1129 716 1185 798 (ao.
1212 707 1356 797 ὅπλοις).

187 816 306 908 κυρίως
327 820 365 888 δέ
385 816 486 905 ἔναρα
501 819 632 908 λέγεται
646 813 697 901 οἷς
714 819 851 910 ἐνάρηρε
863 822 906 888 τά
920 816 1059 906 σώματα
1073 819 1131 887 καὶ
1145 817 1354 908 ἐνήρμοσται,
1367 833 1439 905 (148)

188 923 308 1014 θώραξ
335 929 392 997 καὶ
423 927 522 997 κυνέα
549 928 618 1017 (καὶ
643 931 819 1018 κνημῖδες).
867 940 928 1001 570
955 927 1008 997 δτι
1034 932 1155 1007 κοινῶς
1178 927 1220 993 τὰ
1246 921 1356 1010 ἔναρα.

187 1039 232 1106 Et
259 1040 396 1109 fortasse
423 1041 511 1122 (nam
541 1044 650 1125 potest
674 1041 737 1105 hoo
762 1039 856 1106 aliter
882 1040 995 1125 aooipi)
1022 1041 1052 1103 P
1078 1044 1139 1109 231
1171 1031 1296 1121 ἐνάρων
1320 1029 1357 1098 δὲ

188 1143 277 1232 λέχει
298 1135 345 1212 ὧν
365 1144 602 1233 περιέκειτοθὸ.
631 1146 718 1213 Hine
738 1147 809 1214 vult
830 1169 900 1214 ease
921 1139 1106 1231 ἐναίρειν.
1139 1148 1171 1210 Φ
1191 1151 1253 1214 485
1271 1135 1354 1226 (κατ’

189 1247 288 1337 οέρεα
312 1258 424 1342 θῆρας
446 1249 600 1340 ἐναίρειν)
622 1250 675 1321 ὅτι
697 1250 840 1341 ἐναίρειν
861 1256 1141 1342 καταχρηστικῶς·
1166 1256 1274 1340 θῆρες
1294 1248 1357 1335 γὰρ

188 1354 248 1427 οὐκ
269 1356 381 1443 ἔχουσι
399 1359 599 1444 παντευχίαν
621 1358 705 1429 ὥστε
726 1362 963 1451 σκυλευθῆναι.
1004 1362 1145 1449 Egregie
1165 1362 1241 1429 hoo:
1268 1356 1358 1429 ἐνα-

188 1464 289 1551 ρίζοι
310 1466 432 1555 κυρίως
450 1467 512 1553 μὲν
531 1463 696 1537 σκυλεύει·
718 1464 819 1557 ἔναρα
840 1469 903 1557 γὰρ
923 1468 965 1536 τά
987 1469 1107 1537 σκῦλα·

687 1571 768 1645 οὑδέ
786 1602 846 1661 μιν
867 1574 1052 1664 ἐξενάριξεν
1070 1583 1115 1665 (Ζ
1131 1584 1218 1664 417)·
1312 1584 1316 1597 ’

151 1697 155 1704 “
187 1689 450 1775 καταχρηστικῶς
471 1683 508 1753 δέ
529 1681 671 1755 άνεῖλεν·

686 1793 744 1862 τδν
766 1788 798 1863 δ’
823 1791 900 1861 ἐπεὶ
919 1791 1101 1882 ἐξενάριξεν
1122 1797 1171 1878 (Χ
1191 1796 1274 1878 376).

186 1901 337 1988 Apollon.
357 1903 418 1970 lex.
438 1904 480 1973 H.
495 1928 526 1991 pe
542 1911 612 1973 320.
647 1903 719 1971 Hoo
733 1904 975 1971 Aristarcheum
997 1926 1066 1970 esse
1087 1906 1177 1988 patet
1199 1925 1238 1969 ex
1258 1901 1357 1971 eohol

178 2014 218 2072 ‚Z
237 2018 297 2078 417
319 2010 351 2098 (ἦ
376 2011 495 2098 διπλῆ)
521 2008 574 2079 ὅτι
601 2008 752 2077 διδάσκει
776 2005 810 2076 τί
834 2009 872 2077 τὸ
896 2007 1093 2097 ἐξενάριξεν·
1117 2006 1273 2099 ἐπιφέρει
1294 2006 1357 2093 γὰρ
1370 2026 1418 2079 116

186 2110 287 2197 ,,άλλ’
317 2110 383 2203 ἔρα
413 2143 472 2202 μιν
499 2115 639 2206 κατέκηε
665 2116 724 2184 σὺν
752 2113 910 2189 ἔντεσινῑῑ.
954 2122 991 2184 H
1018 2124 1076 2188 146
1103 2110 1136 2206 (η
1160 2118 1279 2204 διπλῆ)
1304 2112 1358 2184 ὅτι

186 2221 307 2311 κυρίως
326 2223 364 2292 τὸ
386 2222 550 2312 ἐξενάριξε
565 2231 626 2307 ,νῦν
646 2224 689 2291 τά
710 2221 812 2312 ἔναρα
832 2227 1058 2311 neocellae&

270 2337 343 2420 §3-
380 2335 444 2403 Sed
474 2336 605 2402 minime
637 2335 916 2403 Aristarchearum
952 2336 1212 2404 observationum
1248 2335 1356 2421 copiae

187 2442 402 2512 exhausimus,
444 2442 507 2509 Hic
531 2443 632 2530 igitur
657 2445 915 2511 ooaoemabimua
940 2445 1135 2532 farraginem
1161 2444 1357 2511 observatio·

186 2572 274 2630 num,
295 2574 377 2636 quae
399 2573 510 2617 omnes
532 2552 573 2616 ad
594 2553 815 2639 cognitionem
836 2557 952 2638 poetae
973 2552 1163 2619 utilissimae
1182 2556 1267 2632 sunt
1288 2573 1357 2615 om·

186 2679 245 2723 nes
267 2680 345 2738 eam,
364 2681 446 2743 quoe
461 2660 705 2744 grammaticum
720 2660 812 2726 decet
826 2659 1038 2745 diligentiam,
1052 2684 1134 2747 quae
1149 2661 1356 2744 interpretem

186 2765 383 2852 elegantiam
405 2768 535 2853 egregie
558 2769 778 2853 comprobant.
803 2760 971 2855 Ἀγήνωρ
994 2791 1080 2835 nuno
1100 2770 1135 2833 in
1155 2766 1250 2832 laude
1272 2786 1358 2830 nuno

185 2874 219 2938 in
241 2875 399 2960 vituperio
422 2875 554 2960 ponitur
577 2878 687 2956 (1699
709 2870 762 2940 ὅτι
788 2870 894 2941 ἐνίοτε
914 2872 975 2958 μὲν
996 2872 1054 2941 ἐπὶ
1073 2869 1211 2941 ἐπαίνου
1234 2872 1252 2937 ὁ
1275 2864 1358 2957 δμή-

184 3005 252 3067 νωρ
282 2975 410 3066 ὑάχαν
434 2985 474 3071 τῇ
497 2974 619 3069 ἠνορέῃ
646 2981 702 3048 καὶ
728 2989 767 3072 τῇ
795 2975 934 3071 άνδρείφ
957 2978 1136 3067 χριόμενος,
1161 2984 1219 3046 νῦν
1245 2975 1282 3045 δέ
1302 2976 1360 3046 ἐπὶ

184 3083 297 3179 ψόγου
324 3082 344 3156 ὑ
372 3082 456 3174 άγαν
480 3084 671 3175 ὑβριστικδς
696 3088 754 3156 καί
784 3089 840 3155 διὰ
865 3094 925 3177 της
952 3084 1108 3176 ἀνδρείας
1137 3083 1359 3173 ὑπερπεπτω-

184 3193 254 3274 κιδς
273 3190 322 3275 εἰς
341 3186 458 3283 ὑβριν).
499 3197 582 3265 Item
605 3192 862 3286 ὑπερφίαλος
888 3200 926 3282 (O
947 3206 988 3268 94
1010 3194 1064 3266 ὅτι
1087 3195 1127 3265 τὸ
1150 3191 1360 3285 ὑπερφίαλος

186 3307 243 3370 νῦν
269 3301 331 3389 μὲν
356 3301 414 3371 ἐπὶ
433 3299 561 3393 ψόγου,
591 3298 609 3372 ὑ
636 3298 869 3392 ὑπέρσπονδος
888 3303 1039 3393 (βέλτιον
1060 3302 1097 3373 δέ
1117 3301 1136 3375 ὑ
1156 3300 1360 3391 ὑπέρμετρος

185 3414 258 3480 add.
291 3414 391 3500 ood.>·
421 3408 457 3477 ἐν
482 3406 601 3491 ἄλλοις
628 3409 666 3478 δέ
689 3409 724 3479 ἐν
750 3408 844 3495 τάξει
870 3410 1051 3499 ἐμκωμίου
1074 3406 1162 3494 ,,οάιι
1183 3406 1318 3502 ἀγαπᾷς
1339 3405 1359 3480 ὃ

186 3516 305 3607 ἕκηλος
329 3513 574 3609 ὑπερφιάλοισι
599 3513 678 3605 μεθ’
705 3514 811 3607 ὑμῖνίί
837 3525 882 3610 <φ
908 3524 985 3610 289>
1012 3517 1085 3587 άντὺ
1109 3525 1169 3589 τοῦ
1191 3515 1357 3607 άχαδοῖς).

186 3627 276 3694 Haeo
302 3629 484 3695 observatio
513 3628 642 3696 valebat
667 3630 708 3696 ad
734 3630 960 3698 stabiliendam
985 3631 1156 3698 lectionem
1182 3632 1212 3694 E
1236 3636 1294 3700 881
1318 3623 1358 3693 ἀὑ

184 3728 400 3820 Ἀριστάρχου
420 3732 632 3825 ὑπερφίαλον
652 3734 866 3825 (Διομήδεα),
889 3731 947 3820 οὑχ
967 3732 1169 3821 ὑπέρθυμον
1189 3733 1301 3823 ιὺσπερ
1324 3731 1358 3802 αὑ

190 3836 362 3927 δημιόδεις.
395 3843 456 3910 Hie
478 3845 592 3911 similia
614 3847 797 3913 observatio
820 3847 859 3913 de
881 3842 1078 3928 σχέτλιος;
1098 3848 1161 3913 hoo
1182 3847 1280 3913 etiam
1298 3867 1357 3932 pro
1370 3848 1442 3919 (119)

188 3950 282 4016 laude
304 3973 372 4018 ease
395 3944 454 4031 (εἰς
475 3946 591 4017 ἑαυτὸν
613 3945 784 4040 ἀγνώμων,
806 3958 841 4018 K
863 3961 930 4023 164.
965 3954 1013 4024 ef.
1038 3956 1068 4019 Θ
1088 3959 1171 4038 361).
1194 3992 1228 4002 -
1250 3945 1359 4039 Ἀμή-

187 4079 308 4136 χανος
336 4062 368 4124 ot
395 4060 497 4127 active
524 4064 558 4126 et
577 4061 703 4146 paaeive
724 4062 899 4148 significat,
919 4058 1005 4147 πρὸς
1026 4051 1065 4128 ὃν
1086 4054 1146 4126 οὑκ
1167 4055 1237 4126 ἔστι
1256 4084 1360 4148 μηχα-

255 4235 281 4277 ⁸⁶
313 4233 403 4291 Hasta
418 4235 717 4302 nuenarianam.

254 4320 300 4363 ⁸6·
319 4318 374 4389 (Da
385 4319 528 4376 vocabulis
540 4315 635 4390 ἔντεα,
653 4314 754 4394 ἔναρα,
771 4318 907 4394 ἐναίρειν,
925 4315 1078 4393 ἐναρίζων,
1096 4316 1276 4394 ἐξεναρίζων
1294 4323 1359 4379 vide

189 4419 264 4460 nnnc
281 4403 318 4459 Μ.
336 4404 434 4460 Heoht.
452 4408 558 4473 quaeat
576 4403 658 4464 Hom.
675 4424 703 4476 p.
723 4411 735 4462 1
755 4407 828 4475 sqq.)

239 4491 347 4546 holin,
359 4492 493 4535 mutaret.
1119 4495 1151 4545 10
