3425 4934
347 265 407 327 344
646 255 679 310 V.
701 253 744 310 De
761 254 865 311 criticis
885 254 1039 311 Adslarchi
1056 253 1219 311 rationibus.

347 424 525 490 Aristarchi
551 446 602 490 ars
629 428 662 491 et
687 424 802 491 merita
827 425 906 491 satis
936 424 1112 511 praedicari
1138 426 1313 508 nequeunt.
1360 421 1517 507 Exempla

346 555 404 617 per
425 535 530 598 toturn
550 531 670 598 librum
691 535 839 599 nostrum
863 554 974 618 sparsa
993 536 1071 598 sunt
1092 532 1210 597 etiam
1236 535 1315 598 nota
1341 530 1517 597 lectoribus

347 640 605 724 recordantibus,
633 663 714 727 quae
741 640 827 707 dicta
848 639 979 707 suntin
1000 634 1154 722 βάλλειν,
1178 630 1332 727 φράζειν,
1354 630 1515 723 μάχαιρα,

346 740 449 825 ἴσκεν,
471 750 597 826 στεῦτο,
619 744 810 832 γεγωνέμεν,
835 751 921 832 γυῖα,
945 748 1124 833 κερτομεῖν,
1145 747 1224 813 item
1242 746 1281 813 de
1299 746 1385 824 aliis3
1405 746 1445 812 de
1467 768 1518 811 se·

346 856 476 941 pultura
496 860 698 923 mortuorum
720 859 762 942 (p.
785 859 866 941 193),
889 858 928 924 de
949 856 1100 922 Hectoris
1120 855 1285 941 quadrigis
1308 858 1351 939 (p.
1376 856 1456 936 194),
1478 853 1518 919 de

348 962 483 1040 Achille,
505 962 654 1041 Hercule,
674 963 786 1047 Musis,
805 962 922 1030 Paride
944 963 1080 1048 aliisque
1101 964 1135 1028 in
1158 963 1271 1030 eodem
1292 961 1409 1047 capite3
1439 962 1519 1027 item

347 1070 382 1135 in
404 1069 698 1157 geographicis²⁴⁸.

818 1307 1053 1318 ——n—-u

878 1507 920 1584 O.
947 1508 995 1584 ΙΙ.

715 1675 765 1740 De
786 1673 1002 1741 cananaea
1023 1674 1158 1745 lectt'oaa

434 1843 514 1910 Cum
541 1864 653 1908 recens
680 1841 844 1927 quondam
876 1842 917 1907 ab
944 1841 1132 1923 Aristonici,
1160 1840 1350 1920 Heredium,
1382 1841 1519 1907 maxime

348 1972 425 2018 vero
446 1950 577 2035 Didymi
602 1948 783 2032 laboribus,
815 1971 953 2034 quorum
978 1949 1137 2015 rationem
1162 1952 1196 2014 et
1221 1947 1391 2015 consilium
1416 1949 1521 2035 prima

266 2052 339 2122 (³6⁶)
352 2058 577 2124 dissertatione
597 2055 832 2141 explicavimus,
855 2056 967 2123 Wolfii
984 2057 1219 2144 prolegomena·
1235 2057 1366 2132 adirem,
1387 2056 1468 2121 mira
1487 2060 1521 2121 et

350 2169 477 2251 praeter
500 2165 773 2251 exspectationem
799 2165 915 2231 accidit
940 2165 1000 2230 viri
1021 2164 1289 2251 praestantissimi
1313 2185 1376 2230 vox
1396 2167 1520 2230 veteres

351 2274 478 2339 criticos
492 2272 743 2357 haudquaquam
756 2273 877 2339 nostris
892 2271 989 2338 simili
1007 2272 1175 2359 diligentia
1187 2272 1297 2339 tuisse.
1322 2270 1521 2351 ,Nondum‘t

351 2380 458 2466 inquit
479 2382 523 2465 (p.
542 2379 721 2464 ccxxxi),
741 2381 838 2461 „satis
860 2380 1069 2447 refutavimus
1087 2380 1253 2468 vulgarem
1274 2401 1425 2459 errorem,
1454 2401 1519 2463 quo

350 2487 445 2554 facile
467 2488 612 2554 ducimur
631 2509 751 2566 omnes,
771 2491 809 2554 ut
828 2487 957 2553 criticos
980 2487 1183 2574 antiquitatis
1205 2487 1336 2571 horum,
1357 2487 1413 2573 qui
1434 2508 1520 2552 nuno

351 2599 436 2674 sunt,
458 2594 578 2660 similes
600 2599 698 2681 atque
715 2595 939 2662 Aristarchum
959 2596 994 2661 in
1015 2595 1127 2681 primis
1147 2593 1287 2661 Bentleii
1309 2616 1366 2659 seu
1381 2594 1520 2660 Valcke-

352 2702 435 2767 narii
461 2724 518 2768 seu
546 2701 693 2787 quisquis
715 2704 849 2789 antiqua
877 2703 996 2789 scripta
1021 2703 1091 2789 pari
1117 2703 1249 2790 ingenio
1276 2701 1400 2788 expolit
1419 2701 1519 2788 longe

351 2809 549 2875 simillimum
570 2813 747 2895 putemus“.
787 2810 949 2896 Equidem
974 2810 1063 2894 quod
1082 2810 1146 2876 hoc
1165 2811 1238 2876 loco
1261 2811 1301 2876 de
1323 2811 1440 2876 criticis
1461 2833 1520 2875 an·

415 3043 456 3085 2⁴⁸
474 3040 537 3098 Non
558 3042 640 3113 potui
663 3042 698 3097 de
715 3042 912 3114 Aristophanis
933 3060 1020 3115 opera
1040 3042 1071 3098 in
1088 3043 1212 3100 versibus
1229 3043 1344 3101 Homeri
1360 3044 1461 3116 spuriis
1477 3045 1522 3099 vel

350 3125 479 3181 eruendis
500 3126 545 3182 vel
567 3126 749 3184 defendendis
770 3127 863 3201 posita
880 3128 980 3184 dicere.
1014 3127 1092 3195 Quae
1108 3128 1186 3184 haud
1203 3128 1289 3185 dubis
1308 3129 1423 3185 maximi
1439 3130 1522 3185 sesti·

350 3210 454 3266 manda
466 3214 515 3269 est.
543 3211 603 3268 Hoc
614 3212 702 3283 igitur
720 3210 788 3268 olim
804 3212 925 3283 patebit,
943 3216 1078 3283 quantam
1095 3212 1148 3268 sibi
1165 3217 1283 3283 uterque
1300 3214 1331 3269 in
1347 3215 1400 3271 hoc
1419 3231 1522 3286 genere

349 3295 455 3365 gloriae
466 3299 577 3366 partem
586 3296 719 3353 vindicet.
731 3327 765 3337 —
777 3295 811 3351 In
822 3296 870 3351 via
885 3297 922 3352 ab
939 3296 983 3352 his
999 3299 1155 3353 monstrata
1171 3297 1276 3368 partim
1292 3297 1430 3368 progressi
1447 3300 1521 3362 sunt,

265 3383 339 3453 (366)
352 3383 414 3435 tarn
425 3379 604 3436 laudabiliter
615 3385 676 3437 tum
693 3381 735 3436 ita
752 3383 785 3437 ut
801 3382 986 3438 abuterentur
1002 3381 1136 3452 exemplo.
1167 3380 1282 3448 Partim,
1299 3382 1378 3437 utin
1396 3399 1426 3437 re
1444 3382 1525 3437 dubi·

350 3463 440 3532 tabili,
458 3467 557 3520 contra
572 3463 757 3536 scripserunt,
780 3468 813 3522 ut
830 3466 1006 3523 Callistratus
1023 3467 1112 3537 (cuius
1129 3466 1285 3537 complures
1301 3466 1429 3523 novimus
1446 3467 1525 3523 athe·

349 3550 431 3622 teres)
449 3543 523 3618 πρὸς
542 3549 595 3614 τὰς
613 3541 768 3621 ἀθετήσεις
786 3552 821 3623 (Α
838 3551 912 3623 423),
937 3550 1094 3607 Demetrius
1111 3549 1190 3607 Ixion
1207 3545 1282 3621 πρὸς
1298 3551 1367 3616 τοὺς
1382 3551 1525 3623 alternat·

349 3653 418 3700 νους
429 3637 453 3690 Ζ
464 3638 522 3690 437.
551 3634 632 3699 Πίος,
652 3625 891 3705 ἀπολογούμενος
908 3629 984 3706 πρὸς
1000 3629 1052 3701 τὰς
1063 3625 1217 3705 ἀθετήσεις
1229 3636 1263 3689 Μ
1273 3640 1329 3691 175.
1358 3628 1525 3705 Ζηνόδοτος

348 3713 424 3790 πρὸς
449 3712 502 3783 τὰς
527 3710 683 3789 dissicere
703 3718 779 3774 Suid.
803 3752 837 3761 —
861 3719 1011 3775 Credamus
1035 3726 1217 3790 (quamquam
1244 3720 1320 3789 quod
1341 3718 1406 3774 Pins
1429 3736 1524 3775 versus

349 3804 383 3859 Μ
393 3809 441 3860 175
452 3821 513 3873 sqq.
531 3802 681 3859 defendere
693 3802 784 3859 voluit
794 3804 868 3860 male
878 3804 996 3872 factum)
1016 3804 1066 3859 sed
1082 3803 1228 3860 credamus
1245 3803 1345 3859 horum
1356 3807 1524 3874 argumenta

284 3895 333 3947 350
351 3887 466 3945 meliora
483 3886 575 3952 fnisse,
594 3903 678 3956 quam
696 3905 828 3960 magnam
845 3892 956 3960 partem
973 3905 1077 3953 eorum,
1096 3906 1169 3960 quae
1186 3907 1261 3944 nunc
1278 3905 1296 3943 a
1311 3887 1466 3945 scholiastis
1483 3890 1523 3942 af·

349 3974 484 4036 feruntur,
501 3971 606 4044 partim
623 3971 735 4043 singula
752 3971 868 4044 singulis
887 3972 1041 4029 Aristarchi
1059 3973 1231 4044 argumentis
1249 3973 1404 4030 interiecta.
1433 3972 1522 4040 Quam

347 4058 379 4113 hi
395 4074 478 4128 saepe
495 4054 596 4128 pingui
613 4055 659 4112 filo
677 4060 779 4127 agunt!
796 4089 830 4098 -
847 4058 960 4114 Possum
979 4057 1062 4129 plura
1073 4075 1186 4115 monere
1197 4077 1255 4115 non
1264 4057 1390 4124 inutilia;
1407 4058 1457 4114 sed
1468 4058 1522 4113 hoe

349 4142 448 4207 dicam,
466 4158 502 4198 ne
514 4141 576 4213 quis
587 4140 775 4197 Aristonicum
792 4141 887 4212 legens
900 4142 1080 4199 obliviscatur
1092 4143 1259 4200 athetesium
1276 4144 1443 4214 argumenta
1459 4158 1521 4214 par·

348 4227 400 4283 tim
417 4244 452 4282 er
470 4225 596 4297 pluribus
613 4242 706 4297 pauca
722 4244 796 4282 nuuc
813 4226 947 4294 inveniri,
970 4227 1074 4298 partim
1092 4226 1163 4283 talia
1179 4227 1282 4297 quibus
1299 4225 1430 4298 discipuli
1448 4242 1521 4296 quae

348 4311 541 4367 Aristarchum
558 4311 709 4367 movissent
724 4315 891 4383 argumenta
908 4310 1084 4370 adauxerint.
