3425 4934
384 347 408 399 2.
425 342 538 413 Didymi
554 342 625 398 liber
642 345 677 399 de
695 341 847 398 Aristarchi
864 342 987 398 editione
1004 341 1124 397 Homeri
1299 351 1336 410 17

165 530 227 592 qne
248 508 396 574 versibus
423 509 590 594 utriusque
617 509 768 576 editionis
792 508 844 575 vel
866 531 1058 575 consensum
1082 509 1134 574 vel
1159 509 1337 574 dissensum

163 618 287 681 notare.
331 614 396 681 Sed
423 638 464 681 ne
490 617 537 683 sic
563 617 692 702 quidem
715 616 819 682 omnis
839 617 875 681 in
896 621 986 682 textu
1007 616 1181 682 Homerico
1202 617 1243 681 ab
1267 614 1338 680 An·-

163 723 292 788 starcho
314 724 421 808 posita
443 746 540 809 opera
560 724 728 791 illustrata.
770 721 856 789 Nam
884 728 1052 808 cumpost
1073 723 1205 790 alteram
1226 723 1338 788 editio

163 852 238 895 nem
259 830 410 897 emissam
427 830 548 896 multos
569 852 672 897 annos
692 831 726 895 in
747 830 931 896 meditando
953 835 987 896 et
1005 831 1247 915 interpretando
1268 829 1339 896 Ho-

164 959 252 1003 mero
276 938 474 1023 perstitisset
508 942 606 1023 atqne
641 938 738 1003 etiam
771 938 1018 1004 commentarios
1054 938 1146 1003 edere
1181 941 1339 1023 pergeret,

164 1046 281 1130 partim
313 1045 475 1131 discipulis
502 1067 618 1124 coram,
653 1045 830 1130 partimin
857 1047 1095 1112 commentariis
1121 1048 1245 1110 veteres
1265 1066 1340 1109 suas

164 1152 320 1219 lectiones
343 1155 580 1238 reprobaverat,
606 1153 692 1233 alias,
723 1157 761 1218 ut
783 1154 852 1219 dies
874 1154 960 1220 diem
981 1155 1142 1229 docuerat,
1164 1156 1332 1237 optaverat

165 1260 359 1339 defenderat,
385 1259 593 1328 stabiliverat.
639 1260 729 1346 Ergo
755 1261 818 1326 hoo
844 1262 941 1328 etiam
965 1260 1116 1345 perutile,
1144 1260 1340 1326 lectionibus

166 1368 344 1434 editionum
376 1369 570 1450 constitutis,
602 1368 744 1434 variante
779 1368 919 1435 lectione
951 1391 990 1435 ex
1020 1373 1156 1453 utraque
1178 1371 1341 1453 congesta,

166 1475 282 1542 addere
305 1499 345 1542 ex
365 1476 603 1542 commentariis
625 1480 658 1541 et
680 1498 718 1541 ex
743 1476 916 1543 anditione
942 1478 993 1558 (ea
1012 1497 1088 1541 vero
1111 1474 1341 1560 discipulorum

167 1584 294 1668 seriptis
314 1583 368 1650 vel
389 1585 485 1650 etiam
506 1584 661 1650 memoria
682 1586 919 1668 continebatur)
941 1583 1097 1649 lectiones
1122 1582 1277 1668 paulatim
1298 1582 1339 1646 ab

167 1693 280 1757 eodem
300 1691 447 1759 adscitas.
477 1690 562 1757 Tum
577 1691 705 1757 demum
719 1696 805 1758 recte
827 1692 866 1757 de
882 1691 1086 1758 Aristarcheo
1106 1693 1198 1756 textu
1218 1688 1341 1754 Home-

168 1800 234 1864 rico
256 1800 435 1867 constabat
477 1799 570 1865 Hanc
590 1802 693 1865 totam
714 1821 811 1884 quam
833 1800 1059 1885 descripsimus
1081 1819 1211 1882 operam
1232 1818 1340 1862 snsce-
1354 1802 1385 1852 ¹⁷

166 1906 215 1989 pit
234 1905 392 1992 Didymus
412 1908 448 1972 in
467 1906 551 1973 libro
573 1904 651 1989 περὶ
669 1908 729 1991 τῆς
748 1899 993 1990 Ἀρισταρχείου
1016 1896 1241 1989 διορθώσεως.
1271 1903 1342 1981 Qua

166 2013 291 2079 ratione
318 2014 382 2079 hoc
409 2014 542 2099 negotio
569 2013 758 2099 perfunctus
788 2015 839 2091 sit,
864 2019 935 2080 tum
964 2036 1040 2081 vero
1074 2013 1239 2099 aliquanto
1267 2009 1341 2096 plns

167 2120 365 2205 praestitisse
390 2143 466 2187 mox
491 2122 624 2205 patebit.
671 2122 744 2208 Ego
765 2122 906 2207 primum
926 2122 1102 2188 lectoribus
1128 2144 1202 2188 enm
1223 2141 1263 2184 ex
1282 2117 1342 2183 Di·

167 2227 254 2313 dymi
278 2228 363 2295 libro
392 2249 571 2313 proponam
594 2230 710 2309 locum,
737 2230 792 2315 qui
813 2231 865 2295 vel
885 2230 975 2297 solus
1002 2251 1128 2309 eorum,
1156 2249 1237 2313 quae
1265 2225 1407 2304 di1i‚(²⁰)

167 2334 262 2401 fidem
293 2340 456 2421 praestare
482 2341 599 2421 potest.
646 2338 700 2402 Ad
724 2340 755 2401 B
789 2346 845 2406 111
872 2331 957 2413 Ζεύς
982 2358 1025 2417 με
1057 2332 1143 2419 μέγα
1178 2329 1343 2418 Κρονίδης

167 2434 227 2529 άτῃ
250 2438 384 2528 ἐνέδησε
403 2447 517 2529 βαρείῃ
537 2443 618 2510 haee
638 2445 701 2511 suit
721 2445 851 2531 Didymi
873 2444 1049 2510 annotatio.

248 2548 406 2631 σχολικὸν
431 2543 584 2639 άγνάημα
611 2552 642 2634 (i.
666 2574 692 2618 e.
716 2574 804 2618 error
825 2551 964 2636 scholae,
984 2574 1026 2619 so.
1047 2547 1282 2630 Aristarcheae)
1304 2544 1342 2610 τὸ

167 2657 277 2724 δοκεῖν
298 2655 520 2746 Ζηνοδότειον
541 2649 628 2724 εἶναι
652 2657 712 2748 τὴν
736 2657 821 2742 μετὰ
841 2663 901 2726 τοῦ
924 2682 941 2737 ς
961 2651 1092 2747 γραφήν
1113 2652 1251 2740 (μέγας
1271 2646 1345 2718 άντὶ

167 2769 225 2832 τοῦ
244 2763 371 2851 μέγα).
408 2767 464 2832 καὶ
490 2762 618 2847 δόξειεν
638 2759 680 2832 ἂν
704 2762 772 2834 ὑπὸ
794 2761 972 2833 Διονυσίου
992 2768 1053 2832 τοῦ
1083 2761 1214 2852 Θρᾳκὸς
1240 2763 1345 2827 ταῦτα

169 2869 337 2940 δεδόσθαι
367 2876 400 2957 (i.
422 2898 448 2941 e.
475 2879 509 2941 et
532 2875 708 2961 Dionysius
736 2876 866 2961 quidem
890 2874 999 2941 Thrax
1027 2874 1173 2939 videatur
1206 2872 1269 2936 hoo
1299 2869 1346 2935 ita

29 2980 30 2985 ’
167 2991 308 3067 ponere).
352 2978 387 3047 δν
415 2979 476 3066 γὰρ
501 2985 549 3069 τῷ
574 2980 652 3066 περὶ
678 2978 876 3068 ποσαιήτων
910 2976 1123 3047 καθάπτεται
1149 2971 1339 3065 Ζηνοδότου

168 3084 213 3167 ὡς
228 3082 432 3176 ἠγνοηκότας
448 3085 500 3156 ὅτι
520 3096 566 3177 τῷ
585 3087 671 3175 μέγα
693 3083 765 3155 άνιὶ
781 3094 841 3156 τοῦ
853 3087 1005 3175 μεγάλως
1017 3084 1174 3175 Ὅμηρος
1195 3078 1341 3173 άποχρῆ-

167 3220 231 3262 ται·
259 3189 338 3282 παρ’
363 3186 383 3263 ά
405 3195 445 3286 δν)
472 3195 529 3262 καὶ
553 3192 638 3264 κατά
658 3222 733 3263 τινα
757 3201 823 3264 τῶν
843 3192 1091 3285 ὑπομνημάτων
1110 3193 1341 3283 μετειλῆφδαι

167 3302 204 3370 τὸ
230 3301 319 3388 μέγα
348 3297 422 3369 άντὶ
447 3308 507 3370 τοῦ
527 3301 678 3390 μεγάλως
703 3307 745 3390 (ln
774 3331 800 3373 e.
830 3329 929 3393 quare
959 3306 1056 3372 etiam
1087 3304 1123 3369 in
1150 3302 1340 3388 quibusdam

167 3412 344 3479 Aristarchi
380 3414 616 3480 commentariis
649 3415 842 3481 vocabulum
875 3409 963 3498 μέγα
997 3414 1029 3478 h.
1053 3412 1075 3479 l.
1100 3432 1158 3497 per
1190 3404 1342 3492 μεγάλως

165 3520 358 3586 translatum
380 3520 538 3601 inveniri).
558 3519 597 3586 τδ
620 3517 657 3587 δέ
678 3515 739 3587 οὐκ
761 3516 828 3604 ἔχει
852 3515 1007 3605 τάκριβὲς
1028 3514 1141 3594 οὕτως.
1164 3509 1195 3581 εἰ
1215 3514 1278 3600 γάρ
1299 3512 1340 3579 τά

164 3622 402 3712 συγγράμματα
423 3630 488 3692 τῶν
507 3621 754 3716 ὑπομνημάτων
776 3623 1030 3714 προτάττοιμεν,
1060 3621 1156 3691 ἕνεκα
1184 3631 1262 3709 γοῦν
1281 3615 1342 3687 τά·

166 3738 303 3819 ιριβοῦς
323 3731 494 3824 γράφομεν
507 3733 591 3801 κατά
609 3729 823 3820 Ἀρίσταρχον
837 3729 923 3814 Ζεάς
940 3758 984 3818 με
1003 3731 1116 3818 μέγας.
1139 3729 1176 3800 έν
1195 3734 1275 3816 γοῦν
1295 3733 1343 3816 τῷ

166 3840 252 3927 πρὸς
276 3842 426 3930 Φιλητάν
447 3839 676 3930 συγγράμματι
695 3848 736 3935 τῇ
757 3847 869 3933 γραφῇ
895 3840 1060 3930 κέχρηται,
1091 3837 1152 3907 δάο
1178 3835 1342 3923 λέγωντὰ

166 3946 269 4033 μέγας
288 3946 474 4038 σημαίνειν,
495 3949 570 4018 τοτὲ
586 3948 647 4034 μὲν
668 3949 708 4018 τὸ
737 3944 817 4017 καθ’
841 3945 934 4030 αὑτό,
962 3945 1122 4036 καθάπερ
1143 3951 1210 4028 νῦν,
1235 3940 1345 4027 „Zetis

167 4077 209 4137 με
225 4053 331 4142 μέγας
351 4054 543 4146 Κρονίδης(
571 4057 629 4126 καλ
655 4062 765 4145 ,,κεῖτο
793 4056 899 4143 μέγας
923 4052 1122 4144 μεγαλωστί,
1146 4051 1345 4140 λελασμένος

167 4156 409 4232 ἱπποσυνάων(
432 4170 483 4250 (Π
501 4174 584 4252 776),
611 4164 686 4234 τοτὲ
708 4164 745 4233 δὲ
771 4161 852 4234 αὐτὸ
875 4167 910 4248 (l.
932 4157 974 4232 αὖ
994 4164 1047 4251 τὸ)
1073 4162 1162 4249 πρὸς
1180 4162 1239 4251 τὴν
1259 4160 1341 4228 κατδ

167 4269 224 4337 τὸν
241 4267 380 4341 Αἴαντα
406 4272 464 4341 τὸν
485 4271 598 4362 ἕτερον
623 4270 792 4361 διάκρισιν
813 4269 934 4361 „Aine
955 4267 989 4340 δ’
1014 4267 1033 4340 ὁ
1053 4270 1180 4357 μέγας(
1199 4276 1247 4356 (Π
1261 4274 1344 4355 358).

168 4372 229 4444 κάν
256 4383 331 4460 ταῖς
358 4385 485 4461 Λιταῖς
506 4379 724 4470 ἐξηγούμενος
750 4376 881 4467 ,,αὗτὰρ
906 4375 1008 4449 ἔπειτ’
1037 4374 1133 4459 Αἴας
1157 4403 1195 4447 τε
1219 4376 1345 4464 μέγας(

217 4484 478 4536 instrunmento.
1119 4487 1134 4537 2
