3425 4934
530 341 555 394 2.
577 337 619 395 De
637 339 833 396 constituenda
848 336 978 397 lectione.
1280 349 1340 414 351

171 506 208 569 ut
229 501 364 585 Wolfio,
388 503 514 570 homini
539 507 574 571 in
596 507 738 593 antiquis
758 507 850 574 libris
871 506 1103 586 versatissimo,
1132 508 1168 573 in
1186 512 1343 578 memoria

171 610 348 678 inhaesisse
369 611 537 680 videantur
557 613 670 683 invito.
712 614 791 682 Inde
811 614 934 681 factum
956 615 1079 701 opinor,
1100 617 1137 681 ut
1157 616 1238 700 istis,
1259 638 1341 701 quae

170 740 268 803 supra
293 725 447 805 posuerat
471 744 501 807 p.
527 720 699 804 COXXXI,
730 745 844 808 parum
877 726 1095 809 congruenter
1118 722 1198 790 haec
1224 744 1263 788 ex
1288 746 1342 790 ca·

170 825 256 893 lamo
274 826 337 892 sibi
356 828 502 894 excidere
516 851 630 914 passus
653 831 696 896 sit
715 853 747 919 p.
767 828 968 898 ccxxxvl:
988 828 1128 911 „Verum
1149 831 1213 897 ista
1234 833 1342 897 omnia

170 935 216 1000 sic
237 935 339 1021 accipi
360 936 479 1017 nolim,
501 937 593 1022 quasi
614 937 719 1003 bonos
741 942 774 1004 et
795 942 961 1005 accuratos
981 939 1203 1005 emendatores
1224 960 1341 1026 negem

170 1043 311 1127 antiquis
344 1048 377 1110 et
402 1044 569 1129 exquisitis
597 1045 759 1112 codicibus
787 1067 865 1113 usos
893 1067 963 1112 esse
984 1045 1089 1131 iisque
1115 1047 1340 1132 comparandis
1352 1055 1423 1126 (sta)

170 1151 349 1235 genuinam
362 1151 499 1218 formam
520 1156 628 1219 textus
650 1151 854 1238 quaesivisse.
896 1154 943 1220 At
963 1156 1105 1241 genuina
1126 1153 1192 1220 illis
1212 1153 1276 1220 fuit
1295 1176 1342 1236 ea,

171 1278 253 1340 quae
266 1262 397 1342 poetam
410 1261 547 1326 maxime
562 1261 674 1328 decere
695 1261 873 1328 ridebatur.
909 1259 946 1326 ln
962 1284 1027 1347 quo
1049 1283 1146 1329 nemo
1167 1283 1234 1328 non
1255 1261 1343 1328 uidet

171 1364 280 1429 omnia
294 1365 432 1452 denique
446 1367 784 1437 adAlexandrinorum
798 1368 968 1456 ingenium
982 1372 1015 1436 et
1028 1368 1197 1435 arbitrium
1211 1369 1341 1436 redire.“

251 1470 365 1539 Libere
391 1474 562 1542 dicendum
590 1480 640 1543 est
664 1477 699 1542 in
720 1500 754 1543 re
776 1476 973 1563 gravissima.
1015 1476 1105 1544 Haec
1126 1498 1256 1543 sensum
1274 1500 1341 1544 nou

169 1580 301 1648 habent.
343 1579 458 1667 Neque
489 1584 575 1650 enim
600 1589 752 1670 poterant
782 1607 848 1653 una
876 1607 974 1670 opera
1003 1585 1178 1670 genuinam
1203 1584 1342 1651 formam

170 1710 323 1772 quaerere
351 1692 574 1776 comparandis
603 1692 745 1779 antiquis
772 1697 806 1759 et
831 1692 1000 1777 exquisitis
1027 1692 1192 1759 codicibus
1217 1714 1341 1778 suoque

169 1796 261 1862 abuti
275 1797 416 1865 arbitrio.
451 1802 497 1867 At
509 1822 577 1867 non
590 1804 718 1886 poterat
731 1801 801 1868 fieri
822 1804 861 1867 ut
879 1799 968 1866 falsis
989 1800 1153 1885 profectus
1175 1799 1216 1867 ab
1236 1801 1339 1867 initiis
1357 1809 1405 1861 aas

169 1926 236 1970 non
250 1905 316 1971 suis
331 1928 401 1973 sese
415 1907 555 1974 irretiret
567 1907 701 1995 laqueis.
731 1908 837 1988 Quam
851 1909 985 1976 omnino
1007 1908 1122 1974 falsam
1143 1909 1182 1975 de
1203 1908 1341 1974 istorum

169 2015 453 2100 grammaticorum
471 2038 570 2101 opera
591 2017 775 2102 conceperit
791 2017 968 2095 notionem,
990 2016 1165 2083 declaravit
1183 2015 1247 2082 hoc
1267 2015 1339 2083 loco

167 2144 199 2205 p.
215 2120 414 2189 ocmffl:
434 2121 579 2210 „Quippe
593 2125 652 2191 illo
667 2124 862 2192 Graecorum
878 2146 956 2191 aevo
970 2124 1235 2207 (Alexandrinum
1250 2123 1339 2206 dicit)

168 2229 315 2312 quamvis
345 2231 381 2296 in
411 2231 557 2298 minutiis
589 2233 792 2320 grammatici
823 2233 953 2319 generis
990 2232 1238 2318 occupatissimo
1273 2253 1340 2298 uon

167 2337 277 2420 potuit
290 2358 357 2402 non
373 2337 446 2404 vilis
461 2342 495 2404 et
516 2340 632 2406 eruditi
654 2341 795 2408 hominis
816 2341 964 2408 acumine
985 2361 1099 2425 parum
1120 2339 1220 2426 digna
1240 2339 1341 2405 videri

167 2442 249 2510 haec
274 2466 350 2510 cura
377 2446 478 2512 libros
507 2447 669 2514 dividendi
693 2449 729 2516 in
755 2453 879 2535 partes,
909 2447 1130 2535 praeponendi
1159 2447 1341 2529 summaria,

168 2551 295 2618 codices
316 2553 401 2619 inter
422 2576 456 2620 se
478 2556 693 2641 comparandi,
715 2557 920 2623 librariorum
940 2556 1058 2622 menda
1078 2554 1224 2633 tollendi,
1244 2576 1341 2621 voca·

169 2657 247 2724 bula
270 2657 373 2745 signis
399 2661 643 2728 distinctionum
667 2667 700 2730 et
726 2668 917 2731 accentuum
938 2663 1073 2730 notandi
1095 2666 1128 2729 et
1148 2663 1176 2728 si
1198 2684 1263 2748 qna
1279 2661 1342 2729 alia

169 2771 253 2848 sunt,
275 2790 357 2853 quae
371 2769 489 2854 partim
509 2771 715 2857 assignantur
736 2771 993 2859 grammatistis.“
1028 2770 1091 2836 Hic
1112 2770 1251 2856 primum
1271 2770 1341 2836 iure

169 2879 342 2960 quaeretur
366 2899 424 2944 cur
449 2878 476 2943 si
497 2877 577 2945 haec
597 2877 674 2945 vilia
693 2879 886 2946 videbantur
905 2881 969 2946 ista
989 2882 1095 2946 aetate
1116 2881 1209 2943 tanto
1231 2877 1340 2943 studio

169 2982 359 3052 colerentur.
410 2985 504 3052 Certe
531 2985 641 3053 Cicero
666 2986 785 3070 honos,
814 2988 935 3073 inquit,
967 2986 1027 3052 alit
1052 2989 1138 3052 artes
1164 3005 1340 3070 omnesque

168 3092 385 3159 incenduntur
411 3095 453 3160 ad
475 3094 583 3160 stridis
603 3094 721 3182 gloria,
741 3096 913 3182 iacentque
935 3118 973 3162 ea
993 3117 1127 3180 semper,
1149 3114 1233 3178 quae
1254 3091 1340 3177 apud

169 3221 317 3284 quosque
330 3201 563 3286 improbantur.
595 3202 679 3268 Dein
694 3204 728 3268 in
741 3204 790 3282 iis,
811 3226 895 3289 quae
909 3201 1108 3288 principibus
1123 3199 1340 3286 grammaticis

169 3307 248 3372 dicit
260 3308 395 3395 indigna
411 3309 530 3392 habita,
552 3308 677 3376 nullum
698 3333 799 3376 unum
820 3315 879 3392 est,
901 3310 988 3396 quod
1009 3331 1076 3375 non
1089 3307 1339 3393 Aristophanem

168 3413 221 3480 vel
242 3415 465 3482 Aristarchum
489 3417 604 3484 fecisse
624 3421 764 3485 constet:
793 3419 832 3485 de
856 3418 1095 3504 comparatione
1117 3415 1278 3495 codicum,
1301 3415 1340 3480 de

169 3521 373 3589 librariorum
400 3525 527 3590 mendis
559 3525 706 3606 sublatis,
740 3527 779 3593 de
808 3526 1070 3612 interpunctione
1095 3528 1129 3592 et
1154 3523 1340 3590 accentibus

170 3629 234 3694 iam
251 3652 293 3697 ne
313 3632 446 3699 verbum
469 3634 598 3719 quidem
620 3634 747 3700 addam:
771 3656 883 3701 verum
902 3635 990 3720 qnod
1011 3634 1128 3699 attinet
1147 3632 1189 3698 ad
1209 3653 1340 3717 operam

169 3736 269 3803 libros
282 3739 317 3803 in
335 3744 443 3828 partes
463 3741 632 3822 dividendi,
654 3742 860 3809 Aristarchus
881 3742 965 3807 hanc
978 3741 1223 3808 Homericamm
1242 3739 1341 3825 rhap-

171 3845 333 3912 sodiarum
360 3847 473 3917 faciem
499 3848 663 3916 induxisse
684 3849 786 3917 fertur
806 3853 841 3916 et
862 3848 950 3934 quod
969 3849 1047 3917 huic
1068 3847 1269 3917 simillimum
1291 3851 1342 3913 est

170 3953 405 4039 Apollodorum
439 3955 608 4040 collegisse
637 3957 822 4044 Epicharmi
854 3957 1055 4036 comoedias,
1089 3955 1341 4040 Aristophanem

171 4063 372 4145 quorundam
393 4063 565 4149 lyricorum
585 4066 728 4131 carmina
753 4063 889 4151 exlege
916 4066 1053 4150 quadam
1080 4064 1245 4129 ordinasse
1273 4065 1340 4126 tra·

172 4168 275 4235 ditum
296 4169 504 4257 eiusdemque
525 4171 674 4240 feruntur
694 4173 876 4239 fabularum
897 4175 1097 4260 argumenta.
1118 4212 1159 4222 —
1180 4171 1227 4236 At
1247 4169 1339 4235 athe·

170 4279 254 4342 teses
281 4276 439 4345 Wolfium
465 4281 549 4348 male
579 4281 763 4348 habuerunt
795 4285 829 4347 et
857 4279 1042 4346 Zenodotea
1066 4279 1239 4346 temeritas.
1289 4277 1339 4343 De

169 4385 370 4456 athetasibua
398 4390 569 4471 separatim
601 4389 673 4456 dixi.
715 4388 765 4454 De
791 4386 959 4455 Zenodoto
986 4388 1032 4454 sic
1058 4388 1173 4454 iudico.
1217 4384 1422 4465 Quam-(³⁷⁴)
