3425 4934
368 349 425 412 190
548 342 596 401 111.
617 342 660 397 De
677 340 831 398 Aristarchi
849 340 968 398 scientia
984 341 1162 411 antiquitatis
1178 343 1350 399 Homericae.

364 513 428 574 θεν
445 504 608 589 Ἦσιόδος
632 503 792 595 νεώτερόν
813 525 897 600 φησι
921 506 981 576 τδν
1000 504 1069 575 Δία
1091 511 1164 592 (Th.
1186 514 1269 596 454).
1306 502 1451 593 (ἀλλως.)
1481 501 1533 574 ὅτι

364 611 404 683 ου’·
426 611 510 684 καθ’
533 612 671 705 ἠλικίαν
692 615 793 705 λέγει,
815 611 888 683 ἀλλ’
913 612 948 683 έν
967 622 1056 709 τιμῇ.

884 953 1014 1040 Aegis.

446 1105 479 1165 Δ
501 1108 559 1171 167
581 1098 786 1193 ἐπισσείῃσιν
807 1101 946 1191 ἐρεμνὴν
969 1095 1101 1187 αἰγίδας
1128 1097 1180 1168 ὅτι
1197 1103 1257 1166 τοῦ
1277 1098 1363 1178 Διὸς
1383 1094 1490 1165 ὅπλον
1509 1092 1529 1186 ἡ

365 1200 467 1294 αἰγίς,
492 1206 579 1294 πρὸς
602 1208 680 1289 τοὺς
701 1208 879 1298 νεωτέρους
899 1204 1052 1300 ποιητάς.
1091 1207 1149 1277 καί
1176 1206 1229 1277 ὅτι
1254 1201 1456 1292 καταιγίδων
1476 1201 1533 1270 καὶ

365 1308 540 1405 ζοφώδους
552 1312 784 1399 καταπόσεως
797 1312 1090 1406 παρασκευαστική
1106 1315 1203 1385 ἐστιν.
1230 1319 1274 1381 Μ
1285 1321 1346 1385 253
1364 1308 1400 1402 (ᾗ
1416 1310 1531 1399 διπλῆ)

364 1418 419 1489 ὅτι
440 1421 498 1489 διὰ
516 1428 582 1491 τῶν
603 1419 880 1511 ἀποτελουμένων
899 1419 1054 1515 φανερόν,
1077 1423 1130 1493 ὅτι
1150 1423 1211 1513 τὴν
1231 1418 1346 1510 αἰγίδα
1367 1417 1492 1489 ἔσεισεν
1512 1416 1531 1488 ὁ

363 1523 455 1611 Ζτιίς.
495 1533 598 1604 0229
613 1525 690 1618 λάβ
705 1528 838 1620 αἰγίδας
860 1530 914 1603 ὅτι
926 1538 987 1602 τοῦ
1001 1531 1087 1614 Διὸς
1106 1528 1127 1622 ἦ
1152 1527 1238 1619 αἰγίς
1259 1529 1375 1600 ὅπλον.
1405 1521 1532 1596 Ἀπόλ-

363 1637 445 1706 λωνι
459 1647 536 1726 γοῦν
550 1636 697 1709 δίδωσιν.
719 1649 780 1714 310
794 1640 988 1734 Ἥφαιστος
1004 1641 1068 1709 Διῒ
1086 1642 1186 1709 δῶκει
1207 1636 1239 1729 (ἦ
1257 1640 1377 1728 διπλῆ)
1400 1634 1453 1705 ὅτι
1474 1660 1531 1704 σα-

364 1749 438 1837 φῶς
458 1746 520 1815 Διῒ
537 1742 733 1817 ἐσκεύασται
753 1745 773 1838 ἡ
798 1744 885 1837 αἰγὶς
905 1749 962 1819 καὶ
982 1743 1042 1818 οὐκ
1063 1744 1152 1817 ἔστιν
1169 1742 1335 1838 Ἀθηνᾶς,
1360 1742 1479 1824 καθώς
1499 1739 1531 1810 οί

364 1847 518 1944 νεώτεροι
537 1856 679 1948 ποιηταὶ
698 1854 859 1944 λέγουσιν.
900 1862 930 1925 Ρ
948 1866 1008 1930 594
1030 1854 1062 1945 (ἡ
1087 1856 1203 1946 διπλῆ)
1230 1852 1284 1926 ὅτι
1304 1851 1395 1923 ἴδιον
1414 1849 1531 1920 ἀποτί-

362 1966 464 2030 θεται
476 1967 537 2052 τῆς
551 1957 682 2051 αἰγίδος
694 1963 733 2035 τὸ
749 1959 880 2051 ἀνέμων
900 1969 1012 2033 ποιεῖν
1032 1961 1228 2058 συστροφάς.
1265 1956 1334 2032 ἀπὸ
1356 1966 1413 2030 τοῦ
1433 1955 1532 2028 αὐτοῦ

362 2068 400 2138 δὲ
420 2070 479 2140 καὶ
498 2068 690 2159 καταιγίδες
711 2067 747 2141 αλ
766 2071 871 2140 πνοαὶ
892 2068 927 2139 αἱ
947 2067 1037 2140 κάτω
1059 2065 1236 2140 ἀίσσουσαι
1248 2074 1319 2142 11θὶ
1358 2071 1449 2160 Ergo
1468 2070 1531 2137 hoc

363 2179 516 2248 docemur
536 2183 575 2248 de
597 2183 724 2270 aegide,
745 2182 884 2270 primum
905 2205 943 2249 ea
963 2204 1120 2249 concussa
1140 2185 1365 2270 tempestatem
1387 2184 1420 2247 et
1440 2183 1531 2245 tene·

362 2288 437 2356 bras
458 2289 587 2368 cooriri,
616 2291 691 2357 dein
712 2288 797 2357 Iovis
826 2313 896 2358 esse
922 2312 982 2357 nec
1010 2290 1110 2356 alium
1140 2291 1236 2357 deum
1261 2292 1310 2357 uti
1332 2289 1395 2356 nisi
1416 2311 1436 2354 e
1456 2284 1531 2352 Iove

362 2399 529 2483 acceperit
569 2395 616 2465 Ut
642 2398 713 2464 eliis
734 2399 949 2485 argumentis,
976 2399 1022 2464 sic
1047 2397 1110 2465 hoc
1136 2397 1314 2485 posteriore
1335 2396 1532 2478 conclusum,

361 2527 472 2572 versus
502 2511 543 2575 20
571 2510 604 2573 et
629 2511 669 2574 21
693 2503 802 2573 Iliadis
835 2505 969 2573 ultimae
1001 2507 1128 2593 spurios
1159 2528 1237 2573 esse.
1286 2504 1361 2571 vid.
1390 2526 1428 2570 eo
1457 2502 1530 2568 loco

361 2614 573 2682 echoli0n¹¹¹.

838 2736 1057 2744 ..-....-.........‚...

278 2882 350 2953 (19³)
841 2864 1057 2931 Ambrosia

444 3010 478 3085 Ξ
498 3022 571 3094 170,
591 3013 649 3080 ubi
670 3015 709 3080 (le
730 3012 854 3081 Iunone
877 3014 1007 3081 dicitur:
1036 3006 1203 3101 ἀμβροσίῃ
1222 3008 1284 3095 μὲν
1305 3015 1438 3098 πρῶτον
1459 3002 1529 3076 ἀπὸ

358 3118 458 3206 χροὸς
470 3113 658 3206 ἱμερόεντος
672 3116 801 3205 λύματα
815 3115 926 3187 πάντα
947 3114 1112 3208 κάδηρενε
1132 3113 1165 3208 (ἦ
1184 3119 1302 3206 διπλοῖ)
1323 3115 1377 3188 ὅτι
1397 3114 1435 3186 ἐκ
1453 3113 1531 3184 τοά·

295 3245 343 3298 tes
359 3250 419 3294 του
431 3229 493 3295 τοῦ
504 3223 612 3297 τόπου
626 3223 853 3318 πλανηθέντες
869 3224 957 3305 τινὲς
974 3223 1133 3313 διέλαβον
1152 3224 1214 3315 τὴν
1235 3219 1423 3312 ἀμβροσίαν
1444 3215 1531 3292 εἶναι

358 3330 460 3423 ὖγράν
485 3331 625 3428 τροφήν.
670 3342 702 3402 Τ
722 3343 783 3407 347
811 3328 885 3401 ἀλλ’
911 3328 970 3401 tec
996 3330 1030 3402 oi
1057 3331 1173 3419 νέκταρ
1202 3356 1239 3401 τε
1264 3332 1322 3400 καί
1346 3327 1532 3421 ἀμβροσίην

359 3439 531 3532 ἐρατεινὴν
550 3440 671 3526 στάξον
692 3441 740 3512 ez
760 3439 940 3532 στήθεοσιι
968 3437 999 3530 (ἦ
1024 3442 1142 3533 διπλῆ)
1164 3437 1218 3511 ὅτι
1238 3435 1308 3509 κατ’
1332 3435 1530 3533 ἀμφοτέρων
1634 3499 1640 3512 .

358 3549 399 3620 τὸ
419 3546 555 3634 οτάξον,
581 3555 643 3640 τῆς
662 3546 853 3640 ἀμβροσίας
873 3548 930 3618 καὶ
949 3554 1008 3618 τοῦ
1029 3547 1198 3638 νέκταρος·
1223 3545 1245 3638 ἡ
1273 3549 1335 3638 γὰρ
1361 3543 1531 3636 ἀμβροσία

360 3655 430 3728 ἔστί
451 3659 532 3750 ξηρὰ
553 3656 673 3751 τροφή.

426 3899 482 3943 ¹¹⁰b
499 3895 597 3969 <‚Pcst
612 3887 781 3968 συστροφάς
791 3895 896 3953 excidit
906 3895 1007 3968 opinor
1017 3896 1079 3952 δπδ
1090 3899 1145 3953 τοῦ
1155 3890 1278 3952 atroce.
1307 3893 1434 3952 Fortasse
1445 3891 1530 3950 etinm

358 3982 469 4055 scripsit
484 3982 600 4039 deinde:
621 3978 734 4052 αἰγίδος
750 3983 801 4037 καὶ
817 3983 993 4053 καταιγίδις,
1011 3980 1045 4037 cf.
1063 3980 1100 4036 οδ
1116 3982 1143 4037 Β
1163 3984 1236 4038 1⁴8⁶.
1264 3980 1358 4037 Lehm.
1375 3997 1422 4052 ap.
1438 3978 1530 4035 Fried-

358 4066 481 4125 lacnder.
499 4065 622 4123 Ariston.
639 4083 668 4138 p.
686 4067 759 4135 279.)

425 4154 463 4195 11²
497 4150 554 4208 Ubi
564 4168 616 4223 pro
627 4146 804 4222 κατείληπτο
815 4149 872 4222 leg.
888 4153 1052 4216 κατείλυεο,
1070 4153 1100 4206 ct
1110 4141 1266 4224 ἀποδρυφῇ
1276 4168 1328 4224 pro
1340 4142 1531 4222 ἀποστραφῇι

358 4235 408 4298 scd
424 4236 511 4293 verba
525 4230 576 4292 ίνα
594 4238 635 4306 μὴ
652 4226 809 4309 ἀποδρυφῇ
824 4234 968 4294 eiicienda
999 4233 1119 4291 Inseruit
1129 4234 1268 4307 qniepiem
1277 4252 1438 4307 responsum
1449 4251 1530 4289 suum

358 4321 446 4393 (quod
463 4320 573 4394 saepius
589 4319 697 4377 iactnrn
712 4319 880 4391 invenimus)
897 4321 934 4376 ed
952 4318 1118 4376 scholiastae
1135 4318 1400 4390 interrogationemr'
1418 4323 1481 4382 πῶς
1497 4316 1531 4374 δὲ

358 4410 409 4462 καί
429 4410 584 4464 κατιίλυτο
600 4410 639 4477 τῇ
654 4404 746 4477 αἰγίδι
765 4397 938 4473 ἑλκόμενος
1049 4459 1054 4464 ,
