3425 4934
602 328 627 381 2.
651 323 693 381 De
710 322 962 396 interaspiratione.
1303 332 1364 395 317

275 493 296 572 ξ
319 497 347 556 5.
382 489 540 557 Poterant
563 490 644 558 haec
668 492 773 561 facere
799 494 840 560 ad
860 492 979 559 rectius
1000 491 1207 558 iudicandum
1228 491 1267 558 de
1288 515 1363 578 pro·

193 597 405 663 nuntiatione.
446 597 603 677 Bischoff,
629 600 685 686 qui
709 601 768 682 „de
789 601 922 686 spiritus
941 599 1047 685 asperi
1067 600 1102 664 in
1122 599 1237 665 mediis
1257 600 1363 666 verbis

194 703 322 770 Graecis
335 706 566 791 pronuntiandi
580 706 723 773 ratione“
744 730 897 793 quaerere
911 707 1053 774 instituit
1069 708 1104 773 in
1125 708 1363 793 programmate

192 834 277 878 anno
302 817 382 882 1826
403 813 505 893 edito,
536 814 629 897 ,inde
654 815 696 880 ab
722 815 956 899 antiquissimis
982 815 1183 900 temporibus
1209 819 1296 881 certe
1323 813 1364 879 ad
1485 846 1494 863 =

192 918 329 985 alterum
351 925 426 1006 post
448 921 520 988 cnr.
541 944 573 988 n.
595 921 760 989 saeculum
781 923 930 1007 spiritum
948 923 983 988 in
1002 923 1117 988 mediis
1138 922 1244 988 verbis
1264 920 1363 987 finisse

191 1028 458 1112 pronunciatum‘
485 1031 529 1115 (p.
555 1032 606 1113 10)
635 1030 785 1098 defendit.
827 1030 880 1096 Ad
906 1051 1003 1115 quam
1027 1052 1095 1097 rem
1123 1033 1251 1116 praeter
1276 1050 1363 1095 com·

193 1157 307 1201 munes
329 1137 482 1221 quasdam
504 1141 538 1204 et
558 1136 765 1224 pervulgatae
785 1139 928 1204 rationes
948 1137 1195 1223 inscriptionum
1216 1136 1363 1204 testimo·

192 1242 254 1308 niis
285 1248 318 1309 et
349 1243 475 1329 aliquot
505 1246 789 1332 grammaticorum
822 1269 901 1313 usus
932 1250 989 1313 est
1042 1247 1088 1311 At
1116 1245 1364 1330 inscriptionum

192 1351 368 1418 auctoritas
397 1353 535 1419 vidimus
567 1375 665 1439 quam
694 1354 838 1440 precaria
870 1354 929 1435 sit,
962 1353 1244 1441 grammaticorum
1271 1375 1364 1438 prae·

193 1462 286 1543 cepta
311 1459 352 1525 ad
381 1461 680 1546 pronuntiationem
705 1484 772 1529 non
797 1462 959 1548 pertinere
980 1463 1038 1529 sed
1058 1460 1099 1528 ad
1119 1483 1214 1527 usum
1234 1458 1363 1526 scholae

192 1567 273 1632 satis
299 1589 459 1653 superque
486 1569 703 1655 patefecimus.
746 1568 811 1637 Sed
836 1571 865 1637 si
886 1569 1058 1655 quidinde
1079 1567 1227 1635 concludi
1247 1571 1365 1653 potest,

191 1679 302 1760 potest
323 1676 529 1744 contrarium.
570 1675 656 1743 Nam
677 1678 842 1763 quomodo
870 1678 908 1743 de
929 1675 1086 1744 vocabulo
1112 1668 1286 1753 Φίλιππος
1302 1675 1363 1741 mi·

191 1782 278 1847 nime
292 1782 349 1847 illo
375 1806 414 1850 ex
435 1785 598 1852 communi
618 1808 681 1852 usu
701 1790 827 1853 remoto
845 1785 1039 1853 contendere
1053 1787 1238 1870 potuerunt,
1258 1784 1286 1849 si
1307 1784 1363 1849 ad·
1497 1856 1500 1861 ,

191 1890 324 1974 spiratio
346 1891 397 1958 vel
419 1893 551 1959 omnino
572 1891 624 1959 vel
646 1894 724 1960 satis
747 1894 829 1962 clare
859 1894 969 1961 audita
994 1892 1078 1959 fuit?
1105 1892 1152 1958 ldt
1175 1892 1203 1958 ai
1228 1895 1363 1957 conten·

192 1997 311 2065 debant
325 2021 382 2067 cur
395 2001 452 2086 qni
467 2001 616 2086 spiritum
630 2000 846 2069 defendebant
861 2001 899 2068 de
915 2001 1079 2068 communi
1098 1999 1362 2086 pronuntiatione

190 2107 323 2173 verbum
349 2108 526 2176 iniecerant
552 2108 697 2175 nullum?
726 2108 946 2176 certissimum
971 2109 1084 2194 utique
1112 2111 1210 2193 atque
1236 2107 1444 2179 unse-(⁸³6)

190 2236 280 2280 mum
304 2215 431 2282 videtur
456 2221 597 2284 statuere
621 2239 688 2283 non
714 2217 749 2282 in
772 2217 923 2284 omnibus
943 2215 1146 2302 regionibus,
1175 2214 1233 2280 ubi
1250 2214 1363 2300 lingua

191 2320 311 2389 Graeca
332 2324 567 2405 dominaretur,
596 2348 657 2392 nec
682 2326 718 2391 in
743 2326 894 2392 omnibus
918 2323 1085 2391 vocabulis
1104 2322 1191 2389 idem
1211 2321 1362 2390 valuisset

191 2429 287 2495 sicuti
305 2430 446 2498 Romani
475 2433 681 2518 quantumvis
707 2432 748 2499 ad
774 2433 1024 2519 adspirationem
1047 2431 1253 2517 promtiores,
1278 2452 1361 2496 nun·

191 2558 297 2621 quam,
320 2539 444 2625 opinor,
464 2539 657 2626 Philbippus
679 2541 884 2626 scripserunt.
928 2540 1067 2608 Graecos
1086 2537 1200 2605 Italiae
1225 2538 1266 2605 ad
1285 2561 1361 2624 pro·

190 2645 428 2713 nuntiationem
445 2647 577 2733 spiritus
590 2647 689 2733 paulo
709 2649 813 2735 magis
832 2647 1012 2728 inclinasse,
1033 2670 1074 2715 ex
1094 2647 1134 2713 iis
1157 2668 1239 2733 quae
1259 2645 1360 2731 paulo

190 2756 265 2820 ante
294 2753 456 2839 disputata
480 2759 558 2822 sunt
582 2755 667 2822 ultro
693 2756 835 2823 nascitur
861 2756 1015 2842 suspicio:
1048 2753 1131 2820 illud
1151 2753 1289 2821 alterum
1310 2753 1361 2819 rel

191 2883 231 2926 ex
252 2862 463 2929 antecedente
487 2862 583 2929 litera
607 2864 782 2949 pendebat,
809 2863 862 2930 rel
888 2864 976 2949 quod
996 2864 1031 2928 in
1052 2861 1244 2947 quibusdam
1265 2883 1359 2928 voca·
1377 2880 1426 2933 err

189 2968 288 3051 bulis,
312 2992 395 3055 quae
416 2975 551 3056 possent
571 2972 752 3057 composita
771 2971 885 3051 videri,
908 2970 1117 3038 commissura
1136 2968 1257 3036 hiabat
1298 2969 1361 3036 Per

189 3098 223 3141 se
246 3077 333 3143 enim
353 3077 448 3144 facile
469 3079 505 3144 in
527 3079 762 3164 compositione
783 3080 937 3167 aspiratio
959 3078 1100 3146 eliditur:
1132 3077 1174 3143 ad
1195 3075 1283 3162 quod
1303 3076 1360 3142 ad-

188 3186 284 3250 vertit
303 3207 363 3251 nos
384 3185 476 3252 locus
498 3187 629 3271 quidam
649 3187 781 3274 Apuleii
803 3189 842 3254 de
863 3186 1096 3273 orthographia
1116 3186 1136 3270 fi
1157 3189 1197 3253 63
1218 3183 1361 3267 ,anhele

188 3290 326 3373 nibede,
346 3294 432 3359 unde
451 3294 625 3374 descendit,
645 3317 719 3361 cum
740 3296 935 3382 aspiratione
957 3297 1140 3360 annotatur.
1174 3290 1239 3361 Sed
1252 3291 1359 3358 Plinio

188 3399 222 3463 in
251 3400 485 3485 compositione
517 3403 668 3488 aspiratio
702 3402 892 3472 colliditur‘t
942 3403 1025 3471 Mihi
1057 3401 1201 3470 nondum
1233 3403 1361 3465 constat

188 3511 295 3572 utrum
311 3501 473 3596 φιλέλλην
488 3508 549 3575 sim
570 3533 612 3576 an
632 3506 804 3600 φιλὲλλην.
838 3511 937 3596 Apud
956 3509 1095 3591 Atticos,
1116 3530 1197 3594 qnos
1218 3506 1360 3593 vulgaris

187 3614 301 3680 deinde
326 3614 439 3703 lingua
465 3620 576 3683 secuta
602 3623 666 3699 est,
692 3617 756 3685 ianr
781 3622 907 3684 mature
931 3618 1038 3684 media
1064 3616 1122 3683 illa
1146 3615 1298 3702 aspiratio
1324 3615 1359 3679 in

185 3720 332 3807 plurimis
352 3723 404 3790 vel
426 3725 557 3790 evanuit
576 3725 627 3791 rel
647 3725 713 3792 fere
737 3725 878 3792 delituit:
906 3724 1049 3792 obtinuit
1068 3725 1103 3790 in
1123 3724 1248 3811 panem,
1276 3743 1359 3809 quae

186 3851 253 3895 non
274 3830 453 3916 composita
478 3832 536 3898 aed
557 3834 706 3918 apposita
727 3837 836 3900 essent
860 3855 921 3900 nec
941 3833 1041 3919 longo
1062 3853 1125 3897 usn
1144 3831 1267 3899 latebat
1286 3830 1359 3896 iun·

186 3941 285 4004 ctura.
326 3936 412 4005 Nam
437 3934 527 4004 dedu
555 3944 589 4006 et
615 3932 687 4005 εἶσὸ
708 3940 878 4026 Apollonii
899 3939 1032 4026 Dyscoli
1057 3939 1259 4025 temporibus
1283 3961 1359 4024 pro·

185 4044 370 4111 nuntiatum
383 4045 492 4127 fuisse,
513 4045 640 4132 aliquot
652 4046 734 4113 mihi
749 4049 818 4115 eius
831 4047 1019 4115 testimonia
1035 4051 1274 4133 persuaserunt.
1309 4046 1359 4112 De

185 4152 312 4238 syntaxi
332 4175 363 4239 p.
383 4157 453 4237 319,
477 4160 514 4222 19
535 4148 707 4241 πρόδηλον
727 4153 790 4241 γὰρ
811 4147 877 4221 acin
896 4158 957 4243 τῆς
977 4147 1137 4241 συνούσης
1157 4148 1295 4231 δασείας
1314 4148 1360 4232 ὡς

185 4254 244 4341 οὐχ
264 4255 301 4326 tv
320 4255 455 4326 ἁπλοῦν
472 4257 543 4327 ἐστι
562 4259 601 4327 τὸ
624 4256 722 4329 διότι.
744 4263 783 4329 de
804 4263 887 4332 coni.
906 4286 937 4348 p.
952 4270 1023 4345 509,
1043 4267 1082 4332 18
1102 4257 1160 4327 καὶ
1181 4259 1284 4349 δῆλον
1305 4257 1357 4327 ὅτι

182 4367 219 4433 τὸ
241 4364 345 4449 deire,
369 4364 445 4451 ἔχον
465 4367 525 4457 τὴν
547 4362 650 4457 αὐτὴν
672 4362 914 4451 ἀνταπόδοσιν,
937 4364 1003 4452 ἔχει
1025 4365 1213 4456 ἐγκείμενον
1232 4392 1356 4437 πτωτι-
