3425 4934
512 322 535 374 3.
557 311 643 373 ἔνδον
660 321 690 374 et
707 315 787 384 εἴσω,
804 324 883 377 κεῖθι
900 325 930 377 et
945 331 1035 381 κεῖσε.
1300 337 1358 400 135

188 483 279 549 Unde
294 483 390 549 simui
403 484 616 553 intolerabilis
631 486 788 554 Zenodoti
803 511 892 556 error
905 492 1085 575 patefactus
1102 516 1240 581 veraque
1261 497 1358 564 lectio

187 591 319 657 inducta
339 594 378 655 Π
396 599 456 660 515

270 698 386 779 κλῦθι,
410 692 503 780 ἀναξ,
528 696 565 779 ός
586 724 653 766 που
673 696 807 788 Λυκίης
827 700 863 769 ἐκ
884 699 979 772 πίονι
1002 703 1098 795 δήμῳ

269 798 361 892 εδςή
384 801 433 873 aa
455 804 571 898 Τροίη·
595 800 735 875 δύνασαι
756 806 794 875 δὲ
815 808 853 876 οδ
875 806 1013 881 πάντοά
1036 808 1172 882 ἀκούειν

268 908 361 997 ἀνέρι
383 911 567 1005 κηδομένῳ,
590 910 636 995 ὡς
657 920 714 982 νῦν
735 913 794 1000 έμδ
812 918 915 1007 κῆδος
936 914 1061 988 ίκάνειι

186 1018 206 1109 ή
232 1023 340 1110 διπλῆ
360 1019 414 1089 ότι
434 1018 539 1103 οὕτως
567 1018 672 1091 είωθε
701 1022 810 1113 λέγειν
836 1021 983 1095 πάντοσε
1008 1022 1159 1116 ἀκούειν,
1181 1025 1229 1111 εἰς
1249 1028 1358 1099 πάντα

186 1124 292 1199 τόπον
323 1123 472 1218 ἀκούειν,
506 1128 564 1199 ἀπὶ
591 1136 659 1198 τῶν
687 1130 724 1200 tn
749 1133 855 1202 τόπου
887 1129 935 1215 είς
958 1129 1064 1204 τόπον
1090 1132 1359 1228 ἀφικνουμένων·

186 1232 356 1325 ,πεύθετο
386 1236 447 1324 γὰρ
475 1233 653 1323 Κύπρονδε
680 1238 766 1328 μέγα
795 1240 935 1330 κλέοςίί,
968 1239 1016 1323 είς
1044 1240 1181 1332 Κύπρον
1205 1242 1358 1335 ήκούετο.

189 1346 241 1414 διὸ
264 1344 321 1413 καὶ
341 1349 398 1413 νῦν
417 1344 502 1413 κατὰ
520 1349 728 1439 συναλοιφὴν
749 1343 939 1436 ἀκουστέον,
960 1346 1000 1417 ἵν’
1025 1344 1045 1442 ᾗ
1065 1351 1104 1421 τδ
1125 1355 1253 1443 πλῆρες
1273 1350 1359 1422 πάν·

186 1477 262 1519 τοσε
292 1447 437 1522 ἀκούειν.
480 1456 630 1525 Alterum
656 1459 755 1527 schol.
776 1452 991 1543 Ἀρίσταρχος
1020 1459 1059 1527 τὸ
1091 1462 1217 1550 πλῆρες
1242 1456 1360 1529 ἀκούει

188 1555 342 1631 πάντοσε.
386 1556 575 1650 Ζηνόδοτος
605 1559 753 1645 ,πάντες
784 1559 940 1633 ἀκούεινέ(
967 1566 1024 1633 διὰ
1055 1572 1115 1636 τοῦ
1146 1593 1170 1635 ε,
1223 1572 1360 1638 Videtur

187 1672 390 1738 sanbendum
419 1665 545 1750 παντός
573 1678 606 1741 et
640 1671 698 1738 διὰ
725 1677 785 1738 τοῦ
813 1692 857 1751 ος.
909 1675 1112 1764 Quamquam
1139 1679 1284 1745 Velsenii
1310 1680 1360 1764 <et

186 1780 240 1845 W.
262 1779 432 1846 Ribbeokii
446 1779 564 1848 Philol.
586 1780 666 1849 VIII
686 1806 716 1868 p.
731 1782 808 1868 712>
830 1783 1015 1850 coniectura
1036 1789 1094 1865 est,
1116 1784 1274 1853 Zenodoti
1295 1786 1359 1852 leo·

186 1889 310 1956 tionem
330 1888 430 1954 fuisse
451 1881 546 1953 πάντ’
571 1882 753 1955 ἐσακούειν.

268 1998 395 2062 Mature
409 1997 488 2063 haec
505 1998 730 2064 adverbiorum
750 1999 897 2064 confusio
919 2002 1064 2085 grassata
1085 2003 1119 2066 et
1139 2000 1225 2086 apud
1248 2022 1359 2067 receu-

187 2106 285 2171 tioros
300 2105 417 2189 epicos,
438 2105 633 2191 elegantiam
653 2105 729 2172 hino
743 2109 780 2172 ut
793 2105 921 2175 videtur
935 2112 1134 2191 quaerentes,
1153 2109 1356 2195 pervulgata:
1376 2117 1424 2169 lan

186 2213 294 2299 hymn.
321 2213 417 2279 Mero.
440 2219 459 2281 6
487 2204 604 2295 ἀντρον
632 2207 696 2278 ἔσω
726 2205 875 2278 ναίουσα.
919 2213 990 2292 Quo
1016 2214 1089 2280 loeo
1117 2215 1155 2282 de
1183 2215 1359 2283 Homerico

188 2314 267 2385 εἴσω
294 2320 410 2386 enavit
440 2318 586 2405 Ilgenius
615 2343 676 2386 neo
707 2320 804 2387 fidem
830 2321 960 2400 meruit,
992 2345 1088 2407 quam
1121 2323 1150 2389 ei
1178 2322 1359 2390 Lobeokius

187 2428 301 2494 habuit
327 2428 368 2493 ad
388 2426 507 2512 Phryn.
537 2451 568 2513 p.
593 2433 660 2497 128.
706 2429 910 2515 Quamquam
935 2429 998 2495 hoo
1023 2431 1095 2516 ipso
1120 2429 1193 2497 loeo
1222 2432 1359 2498 fortasse

187 2536 288 2602 altera
314 2535 410 2601 leutio
436 2535 600 2621 antiquior
627 2539 677 2602 est
703 2527 809 2623 ἀντρηι
836 2529 1037 2603 ναιετάουσα
1063 2532 1249 2623 παλισκίῳ,
1277 2562 1360 2624 quae

188 2666 273 2710 nuno
295 2646 344 2709 est
365 2643 398 2707 in
421 2644 564 2709 eiusdem
585 2643 697 2729 hymni
717 2645 913 2732 fragmento,
942 2646 1029 2731 quod
1055 2668 1114 2732 pro
1143 2647 1281 2732 septimo
1304 2647 1359 2712 δε-

188 2754 269 2819 oimo
296 2752 436 2818 carmine
463 2752 685 2817 circumfertur
711 2753 746 2817 in
769 2753 898 2837 hymnis
920 2752 1108 2818 Homericis.
1152 2752 1360 2838 Apollonll

188 2866 247 2929 874
267 2850 313 2937 δός
337 2854 375 2923 δέ
400 2855 457 2923 καί
479 2851 579 2924 ἀλλοι
600 2857 698 2943 δεῦρο
720 2851 887 2945 δαήμονες
909 2851 1025 2942 ἀνδρες
1046 2853 1129 2924 ἔασι.
1162 2861 1270 2939 Quint.
1292 2861 1359 2929 Sm.

187 2970 217 3032 Ε
228 2975 289 3036 515
312 2960 391 3032 οάδέ
410 2958 437 3031 τ’
458 2962 534 3049 ἐμοὶ
556 2959 688 3032 νόστοιο
709 2963 806 3045 τέλος
826 2964 885 3033 σέο
908 2966 1006 3052 δεῦρο
1027 2961 1194 3045 θανόντος
1215 2960 1360 3033 ἀνδάνει.

186 3074 295 3142 Νοου.
318 3073 395 3140 VIII
409 3081 450 3142 94
472 3071 551 3157 πρίν
571 3071 657 3153 Διὸς
676 3067 830 3155 οἰνοχόον
851 3068 1051 3161 Γανυμήδεα
1073 3075 1171 3159 δεῦρο
1193 3069 1304 3161 νοήσω
1320 3114 1360 3123 -

188 3175 410 3265 ἀμειβόμενον
431 3176 537 3259 δέπας
550 3178 669 3269 Ἥβης.
703 3182 856 3270 Apollon.
871 3181 903 3248 Π
917 3189 977 3253 718
999 3178 1059 3247 καί
1077 3176 1104 3246 τ’
1124 3176 1226 3248 εἰσέτι
1249 3185 1303 3247 νῦν
1324 3204 1360 3266 γε

186 3286 337 3356 τέτυκται
358 3280 438 3354 κεῖά
458 3284 636 3376 Ὁμονοίης
656 3283 729 3376 ίρδν
750 3283 923 3379 ἐύφρονος.
963 3290 1011 3358 IV
1035 3298 1113 3359 1217
1141 3283 1303 3374 Μοιράων
1325 3282 1357 3355 δ’

185 3392 235 3463 ότι
261 3398 350 3462 κεῖσε
377 3392 446 3483 θύη
474 3394 609 3464 ἐπέτεια
640 3393 793 3478 δέχονται
819 3395 876 3463 καὶ
905 3394 1074 3486 Νυμφέων
1099 3392 1248 3482 Νομίοιο
1276 3392 1356 3462 καθ’

187 3498 275 3588 ίερδν
292 3498 509 3584 ’Λπόλλωνος
529 3501 649 3588 βωμοί.
685 3506 838 3592 Apollon.
860 3505 952 3574 1906
974 3503 1088 3589 πέμπε
1105 3530 1164 3589 μιν
1185 3500 1359 3593 ἡβήσαντα

186 3607 398 3697 Πελασγίδος
417 3607 513 3680 ἔνδον
531 3608 677 3681 Ἰωλκοῦ.
718 3615 800 3700 Opp.
822 3614 897 3682 Hal.
922 3617 950 3678 Β
974 3622 1032 3682 157
1058 3608 1170 3680 τόνδ’
1195 3608 1269 3680 ούτι
1289 3607 1358 3678 πά·
1370 3620 1442 3690 (141)

188 3743 245 3809 γης
264 3717 361 3801 λόχον
382 3714 584 3807 ὁρμαίνοντα
606 3718 729 3808 γαστήρ
750 3717 847 3787 ένδον
867 3716 997 3787 ἔλασσε.
1041 3727 1072 3786 Γ
1091 3730 1151 3792 344
1180 3719 1299 3806 δέλεαρ
1322 3719 1361 3787 δέ

188 3824 222 3897 οὶ
245 3823 341 3895 ἔνδον
370 3823 483 3916 ένείης.
531 3837 591 3900 561
617 3821 735 3907 ἀοτεος
761 3824 859 3896 ένδον
883 3823 1031 3898 ἱκέσθαι.
1077 3833 1107 3895 Ε
1130 3838 1188 3898 581
1216 3823 1361 3893 ἔσπασεν

186 3932 282 4003 ἔνδον
306 3930 461 4004 ὀδόντων.
512 3940 543 4001 Γ
564 3943 625 4008 349
651 3937 757 4019 ἵξεται
787 3932 909 4003 ἔνδοθι
941 3934 1106 4023 κύρτουῗθ.
1153 3937 1218 4005 Sed
1243 3941 1274 4000 Γ
1298 3942 1359 4006 380

253 4125 278 4166 ⁷⁸
295 4120 448 4193 Πάροιθεν
466 4115 606 4194 ἔρχεσθαι
626 4140 677 4194 pro
695 4121 804 4194 θύραζε
825 4122 944 4194 Oppian.
966 4122 1029 4177 Hal.
1048 4125 1072 4179 Α
1092 4124 1146 4178 153.
1170 4153 1204 4162 -
1219 4113 1360 4178 Ἕνδοθεν

185 4208 262 4280 apud
279 4207 432 4263 Homerum
449 4207 514 4271 iam,
532 4210 565 4262 ut
582 4202 714 4278 ἐγγύθεν,
734 4200 886 4278 σχεδόθεν,
903 4207 967 4276 alia,
986 4226 1037 4278 pro
1056 4203 1159 4262 ἔνδοθι
1177 4206 1293 4262 dietum.
1322 4205 1359 4261 Et

186 4292 306 4359 Quintus
323 4309 346 4347 e.
361 4309 399 4362 ς..
417 4309 480 4347 oum
498 4290 568 4347 dicit
584 4284 744 4363 ἀχνύμενος
759 4288 832 4362 κέαρ
850 4286 977 4348 ἔνδοθεν
993 4292 1031 4362 (Γ
1039 4292 1099 4362 504)
1118 4295 1148 4347 et
1163 4289 1274 4357 similia,
1290 4290 1358 4347 fines

184 4374 347 4433 Homericos
363 4393 420 4433 non
437 4376 585 4448 egreditur.
620 4374 749 4431 Difficilis
771 4376 912 4445 quaestio,
932 4377 980 4433 sed
1003 4376 1209 4433 accuratissima
1226 4377 1358 4447 perquisi-
