<?xml version="1.0" encoding="UTF-8"?>
<!DOCTYPE html PUBLIC "-//W3C//DTD XHTML 1.0 Transitional//EN"
    "http://www.w3.org/TR/xhtml1/DTD/xhtml1-transitional.dtd">
<html xmlns="http://www.w3.org/1999/xhtml" xml:lang="en" lang="en">
 <head>
  <title>
</title>
<meta http-equiv="Content-Type" content="text/html;charset=utf-8" />
  <meta name='ocr-system' content='tesseract 3.04.00' />
  <meta name='ocr-capabilities' content='ocr_page ocr_carea ocr_par ocr_line ocrx_word'/>
</head>
<body>
  <div class='ocr_page' id='page_1' title='image "./dearistarchistu00ludwgoog/dearistarchistu00ludwgoog_0150.png"; bbox 0 0 3425 4934; ppageno 0'>
   <div class='ocr_carea' id='block_1_1' title="bbox 391 333 1475 409">
    <p class='ocr_par' dir='ltr' id='par_1_1' title="bbox 391 333 1475 409">
     <span class='ocr_line' id='line_1_1' title="bbox 391 333 1475 409; baseline 0.005 -21"><span class='ocrx_word' id='word_1_1' title='bbox 391 338 450 401; x_wconf 80' lang='lat'><strong>132</strong></span> <span class='ocrx_word' id='word_1_2' title='bbox 476 333 512 389; x_wconf 92' lang='grc' dir='ltr'><strong>Π.</strong></span> <span class='ocrx_word' id='word_1_3' title='bbox 542 333 583 389; x_wconf 89' lang='lat' dir='ltr'><strong>De</strong></span> <span class='ocrx_word' id='word_1_4' title='bbox 599 333 776 392; x_wconf 79' lang='lat' dir='ltr'><strong>Aristarchea</strong></span> <span class='ocrx_word' id='word_1_5' title='bbox 793 335 994 393; x_wconf 86' lang='lat' dir='ltr'><strong>vocabulorum</strong></span> <span class='ocrx_word' id='word_1_6' title='bbox 1010 336 1220 394; x_wconf 86' lang='lat' dir='ltr'><strong>Homericomm</strong></span> <span class='ocrx_word' id='word_1_7' title='bbox 1235 337 1475 409; x_wconf 64' lang='lat' dir='ltr'><strong>interpretatione.</strong></span> 
     </span>
    </p>
   </div>
   <div class='ocr_carea' id='block_1_2' title="bbox 387 491 1556 697">
    <p class='ocr_par' dir='ltr' id='par_1_2' title="bbox 387 491 1556 697">
     <span class='ocr_line' id='line_1_2' title="bbox 387 491 1556 590; baseline 0.006 -26"><span class='ocrx_word' id='word_1_8' title='bbox 387 491 581 584; x_wconf 77' lang='grc' dir='ltr'><strong><em>(ἀνέκδοτος</em></strong></span> <span class='ocrx_word' id='word_1_9' title='bbox 603 504 687 589; x_wconf 87' lang='lat' dir='ltr'><strong>apud</strong></span> <span class='ocrx_word' id='word_1_10' title='bbox 708 504 859 588; x_wconf 79' lang='lat' dir='ltr'><strong>Apollas.</strong></span> <span class='ocrx_word' id='word_1_11' title='bbox 881 505 903 570; x_wconf 91' lang='lat' dir='ltr'><strong>l.</strong></span> <span class='ocrx_word' id='word_1_12' title='bbox 926 505 967 573; x_wconf 85' lang='lat' dir='ltr'><strong>H</strong></span> <span class='ocrx_word' id='word_1_13' title='bbox 992 530 1017 573; x_wconf 90' lang='lat' dir='ltr'><strong>s.</strong></span> <span class='ocrx_word' id='word_1_14' title='bbox 1044 501 1244 590; x_wconf 73' lang='grc' dir='ltr'><strong><em>παρθένιος)</em></strong></span> <span class='ocrx_word' id='word_1_15' title='bbox 1268 507 1303 572; x_wconf 91' lang='lat' dir='ltr'><strong>in</strong></span> <span class='ocrx_word' id='word_1_16' title='bbox 1323 506 1428 573; x_wconf 88' lang='lat' dir='ltr'><strong>lucem</strong></span> <span class='ocrx_word' id='word_1_17' title='bbox 1450 506 1556 573; x_wconf 83' lang='lat' dir='ltr'><strong>editus</strong></span> 
     </span>
     <span class='ocr_line' id='line_1_3' title="bbox 387 602 1079 697; baseline 0.013 -26"><span class='ocrx_word' id='word_1_18' title='bbox 387 608 439 689; x_wconf 78' lang='lat' dir='ltr'><strong>sit,</strong></span> <span class='ocrx_word' id='word_1_19' title='bbox 456 602 590 687; x_wconf 88' lang='grc' dir='ltr'><strong><em>σκότιος</em></strong></span> <span class='ocrx_word' id='word_1_20' title='bbox 611 613 699 697; x_wconf 92' lang='lat' dir='ltr'><strong>quod</strong></span> <span class='ocrx_word' id='word_1_21' title='bbox 716 616 839 679; x_wconf 84' lang='lat' dir='ltr'><strong>secreto</strong></span> <span class='ocrx_word' id='word_1_22' title='bbox 859 614 1033 679; x_wconf 90' lang='lat' dir='ltr'><strong>concubitu</strong></span> <span class='ocrx_word' id='word_1_23' title='bbox 1041 616 1079 680; x_wconf 82' lang='lat'><strong>⁷⁶.</strong></span> 
     </span>
    </p>
   </div>
   <div class='ocr_carea' id='block_1_3' title="bbox 788 970 1144 1213">
    <p class='ocr_par' dir='ltr' id='par_1_3' title="bbox 788 970 1144 1213">
     <span class='ocr_line' id='line_1_4' title="bbox 805 970 1133 1061; baseline 0.009 -23"><span class='ocrx_word' id='word_1_24' title='bbox 805 978 941 1061; x_wconf 76' lang='grc' dir='ltr'><strong><em>Μῆνις</em></strong></span> <span class='ocrx_word' id='word_1_25' title='bbox 962 979 995 1042; x_wconf 91' lang='lat' dir='ltr'><strong>et</strong></span> <span class='ocrx_word' id='word_1_26' title='bbox 1014 970 1133 1057; x_wconf 83' lang='grc' dir='ltr'><strong><em>χόλος</em></strong></span> 
     </span>
     <span class='ocr_line' id='line_1_5' title="bbox 788 1129 1144 1213; baseline 0 -19"><span class='ocrx_word' id='word_1_27' title='bbox 788 1129 967 1213; x_wconf 65' lang='lat' dir='ltr'><strong>praetante</strong></span> <span class='ocrx_word' id='word_1_28' title='bbox 987 1130 1144 1195; x_wconf 67' lang='grc' dir='ltr'><strong><em>ιίισυαεαν.</em></strong></span> 
     </span>
    </p>
   </div>
   <div class='ocr_carea' id='block_1_4' title="bbox 300 1282 1557 1922">
    <p class='ocr_par' dir='ltr' id='par_1_4' title="bbox 382 1282 1557 1700">
     <span class='ocr_line' id='line_1_6' title="bbox 464 1282 1557 1378; baseline 0.003 -26"><span class='ocrx_word' id='word_1_29' title='bbox 464 1289 497 1349; x_wconf 85' lang='grc' dir='ltr'><em>Δ</em></span> <span class='ocrx_word' id='word_1_30' title='bbox 511 1294 570 1355; x_wconf 84' lang='grc'><strong>513</strong></span> <span class='ocrx_word' id='word_1_31' title='bbox 587 1283 625 1354; x_wconf 80' lang='grc' dir='ltr'><strong>οὗ</strong></span> <span class='ocrx_word' id='word_1_32' title='bbox 644 1288 713 1373; x_wconf 81' lang='grc' dir='ltr'><strong>μὰν</strong></span> <span class='ocrx_word' id='word_1_33' title='bbox 734 1284 807 1357; x_wconf 81' lang='grc' dir='ltr'><strong>οὐδ’</strong></span> <span class='ocrx_word' id='word_1_34' title='bbox 821 1286 980 1374; x_wconf 75' lang='grc' dir='ltr'><strong><em>Ἀχιλεύς,</em></strong></span> <span class='ocrx_word' id='word_1_35' title='bbox 1008 1290 1149 1371; x_wconf 81' lang='grc' dir='ltr'><strong><em>Θέτιδος</em></strong></span> <span class='ocrx_word' id='word_1_36' title='bbox 1169 1295 1252 1371; x_wconf 78' lang='grc' dir='ltr'><strong><em>παῖς</em></strong></span> <span class='ocrx_word' id='word_1_37' title='bbox 1271 1282 1449 1378; x_wconf 77' lang='grc' dir='ltr'><strong><em>ἠϋκόμοιο,</em></strong></span> <span class='ocrx_word' id='word_1_38' title='bbox 1471 1285 1557 1375; x_wconf 87' lang='grc' dir='ltr'><strong><em>μα’ρ-</em></strong></span> 
     </span>
     <span class='ocr_line' id='line_1_7' title="bbox 383 1387 1555 1487; baseline 0.008 -32"><span class='ocrx_word' id='word_1_39' title='bbox 383 1415 497 1473; x_wconf 87' lang='grc' dir='ltr'><strong><em>ναται,</em></strong></span> <span class='ocrx_word' id='word_1_40' title='bbox 526 1387 598 1459; x_wconf 78' lang='grc' dir='ltr'><strong>ἀλλ’</strong></span> <span class='ocrx_word' id='word_1_41' title='bbox 623 1394 681 1463; x_wconf 80' lang='grc' dir='ltr'><strong>ἐπὶ</strong></span> <span class='ocrx_word' id='word_1_42' title='bbox 707 1397 800 1487; x_wconf 80' lang='grc' dir='ltr'><strong><em>νηυσὶ</em></strong></span> <span class='ocrx_word' id='word_1_43' title='bbox 823 1396 925 1481; x_wconf 82' lang='grc' dir='ltr'><strong><em>χόλου</em></strong></span> <span class='ocrx_word' id='word_1_44' title='bbox 946 1398 1124 1487; x_wconf 81' lang='grc' dir='ltr'><strong><em>θυμαλγέα</em></strong></span> <span class='ocrx_word' id='word_1_45' title='bbox 1145 1397 1280 1468; x_wconf 58' lang='lat' dir='ltr'><strong>nicosa.-</strong></span> <span class='ocrx_word' id='word_1_46' title='bbox 1308 1392 1340 1486; x_wconf 72' lang='grc' dir='ltr'><strong>(ἦ</strong></span> <span class='ocrx_word' id='word_1_47' title='bbox 1365 1395 1482 1484; x_wconf 76' lang='grc' dir='ltr'><strong><em>διπλῆ)</em></strong></span> <span class='ocrx_word' id='word_1_48' title='bbox 1504 1395 1555 1464; x_wconf 83' lang='grc' dir='ltr'><strong><em>ὅτι</em></strong></span> 
     </span>
     <span class='ocr_line' id='line_1_8' title="bbox 382 1492 1556 1598; baseline -0.001 -28"><span class='ocrx_word' id='word_1_49' title='bbox 382 1492 578 1591; x_wconf 71' lang='grc' dir='ltr'><strong><em>ἀντιφράξει</em></strong></span> <span class='ocrx_word' id='word_1_50' title='bbox 592 1501 650 1571; x_wconf 86' lang='grc' dir='ltr'><strong><em>τὸν</em></strong></span> <span class='ocrx_word' id='word_1_51' title='bbox 666 1498 768 1588; x_wconf 84' lang='grc' dir='ltr'><strong><em>χόλον</em></strong></span> <span class='ocrx_word' id='word_1_52' title='bbox 788 1511 829 1598; x_wconf 77' lang='grc' dir='ltr'><strong>τῇ</strong></span> <span class='ocrx_word' id='word_1_53' title='bbox 849 1503 968 1596; x_wconf 79' lang='grc' dir='ltr'><strong><em>μήνιδι</em></strong></span> <span class='ocrx_word' id='word_1_54' title='bbox 989 1504 1048 1574; x_wconf 70' lang='grc' dir='ltr'><strong>ἐπὶ</strong></span> <span class='ocrx_word' id='word_1_55' title='bbox 1067 1511 1126 1576; x_wconf 81' lang='grc' dir='ltr'><strong>τοῦ</strong></span> <span class='ocrx_word' id='word_1_56' title='bbox 1149 1503 1253 1573; x_wconf 75' lang='grc' dir='ltr'><strong><em>αὐτοῦ</em></strong></span> <span class='ocrx_word' id='word_1_57' title='bbox 1273 1498 1466 1591; x_wconf 79' lang='grc' dir='ltr'><strong><em>προσώπου.</em></strong></span> <span class='ocrx_word' id='word_1_58' title='bbox 1501 1504 1556 1570; x_wconf 88' lang='lat' dir='ltr'><strong>In·</strong></span> 
     </span>
     <span class='ocr_line' id='line_1_9' title="bbox 382 1604 1552 1700; baseline 0.003 -27"><span class='ocrx_word' id='word_1_59' title='bbox 382 1610 455 1675; x_wconf 90' lang='lat' dir='ltr'><strong>nuit</strong></span> <span class='ocrx_word' id='word_1_60' title='bbox 474 1613 575 1697; x_wconf 81' lang='grc' dir='ltr'><strong><em>μῆνιν</em></strong></span> <span class='ocrx_word' id='word_1_61' title='bbox 597 1604 690 1681; x_wconf 70' lang='lat' dir='ltr'><strong>riarde</strong></span> <span class='ocrx_word' id='word_1_62' title='bbox 703 1655 753 1682; x_wconf 91' lang='lat'><strong>—.</strong></span> <span class='ocrx_word' id='word_1_63' title='bbox 775 1615 858 1683; x_wconf 88' lang='lat' dir='ltr'><strong>ltem</strong></span> <span class='ocrx_word' id='word_1_64' title='bbox 874 1621 894 1681; x_wconf 89' lang='lat' dir='ltr'><strong><em>I</em></strong></span> <span class='ocrx_word' id='word_1_65' title='bbox 906 1623 976 1700; x_wconf 81' lang='lat'><strong>260,</strong></span> <span class='ocrx_word' id='word_1_66' title='bbox 996 1618 1053 1684; x_wconf 91' lang='lat' dir='ltr'><strong>uhi</strong></span> <span class='ocrx_word' id='word_1_67' title='bbox 1068 1616 1178 1684; x_wconf 84' lang='lat' dir='ltr'><strong>Ulixes</strong></span> <span class='ocrx_word' id='word_1_68' title='bbox 1193 1617 1234 1682; x_wconf 89' lang='lat' dir='ltr'><strong>ad</strong></span> <span class='ocrx_word' id='word_1_69' title='bbox 1247 1613 1421 1681; x_wconf 81' lang='lat' dir='ltr'><strong>Achillem:</strong></span> <span class='ocrx_word' id='word_1_70' title='bbox 1443 1606 1552 1692; x_wconf 79' lang='grc' dir='ltr'><strong><em>παύε’,</em></strong></span> 
     </span>
    </p>

    <p class='ocr_par' dir='ltr' id='par_1_5' title="bbox 300 1710 1555 1922">
     <span class='ocr_line' id='line_1_10' title="bbox 300 1710 1555 1810; baseline 0 -23"><span class='ocrx_word' id='word_1_71' title='bbox 300 1710 423 1790; x_wconf 63' lang='grc' dir='ltr'>(133)ἕῦ</span> <span class='ocrx_word' id='word_1_72' title='bbox 445 1713 482 1782; x_wconf 74' lang='grc' dir='ltr'><strong>δὲ</strong></span> <span class='ocrx_word' id='word_1_73' title='bbox 499 1712 601 1800; x_wconf 81' lang='grc' dir='ltr'><strong><em>χόλον</em></strong></span> <span class='ocrx_word' id='word_1_74' title='bbox 622 1720 815 1809; x_wconf 83' lang='grc' dir='ltr'><strong><em>θυμαλγέα·</em></strong></span> <span class='ocrx_word' id='word_1_75' title='bbox 843 1721 899 1790; x_wconf 81' lang='grc' dir='ltr'><strong>σοὶ</strong></span> <span class='ocrx_word' id='word_1_76' title='bbox 920 1717 953 1789; x_wconf 72' lang='grc' dir='ltr'><strong>δ’</strong></span> <span class='ocrx_word' id='word_1_77' title='bbox 974 1717 1191 1810; x_wconf 76' lang='grc' dir='ltr'><em>Ἀγαμέμνων</em></span> <span class='ocrx_word' id='word_1_78' title='bbox 1217 1716 1297 1803; x_wconf 67' lang='grc' dir='ltr'><strong><em>ἄξια</em></strong></span> <span class='ocrx_word' id='word_1_79' title='bbox 1322 1722 1413 1809; x_wconf 78' lang='grc' dir='ltr'><strong><em>δῶρα</em></strong></span> <span class='ocrx_word' id='word_1_80' title='bbox 1426 1714 1555 1787; x_wconf 61' lang='grc' dir='ltr'><strong>Διίιίίιοσι</strong></span> 
     </span>
     <span class='ocr_line' id='line_1_11' title="bbox 381 1823 1554 1922; baseline 0.008 -33"><span class='ocrx_word' id='word_1_81' title='bbox 381 1823 625 1913; x_wconf 80' lang='grc' dir='ltr'><strong><em>μιταλλήξανιι</em></strong></span> <span class='ocrx_word' id='word_1_82' title='bbox 637 1825 773 1910; x_wconf 72' lang='grc' dir='ltr'><strong><em>χόλοιοε</em></strong></span> <span class='ocrx_word' id='word_1_83' title='bbox 795 1827 850 1898; x_wconf 72' lang='grc' dir='ltr'><strong><em>ὅτι</em></strong></span> <span class='ocrx_word' id='word_1_84' title='bbox 865 1826 1063 1922; x_wconf 76' lang='grc' dir='ltr'><strong><em>ἆνσιφρᾶζει</em></strong></span> <span class='ocrx_word' id='word_1_85' title='bbox 1075 1834 1116 1922; x_wconf 78' lang='grc' dir='ltr'><strong>τῇ</strong></span> <span class='ocrx_word' id='word_1_86' title='bbox 1129 1826 1247 1918; x_wconf 77' lang='grc' dir='ltr'><strong><em>μήνιδι</em></strong></span> <span class='ocrx_word' id='word_1_87' title='bbox 1261 1827 1319 1896; x_wconf 81' lang='grc' dir='ltr'><strong><em>τὸν</em></strong></span> <span class='ocrx_word' id='word_1_88' title='bbox 1330 1823 1440 1911; x_wconf 80' lang='grc' dir='ltr'><strong><em>χόλον.</em></strong></span> <span class='ocrx_word' id='word_1_89' title='bbox 1471 1835 1503 1893; x_wconf 88' lang='grc' dir='ltr'><em>Τ</em></span> <span class='ocrx_word' id='word_1_90' title='bbox 1513 1836 1554 1898; x_wconf 84' lang='grc'><strong>67</strong></span> 
     </span>
    </p>
   </div>
   <div class='ocr_carea' id='block_1_5' title="bbox 300 2029 1556 4475">
    <p class='ocr_par' dir='ltr' id='par_1_6' title="bbox 300 2029 1556 4475">
     <span class='ocr_line' id='line_1_12' title="bbox 449 2029 1555 2101; baseline 0.001 -16"><span class='ocrx_word' id='word_1_91' title='bbox 449 2031 474 2073; x_wconf 74' lang='lat'><strong>⁷⁶</strong></span> <span class='ocrx_word' id='word_1_92' title='bbox 495 2029 649 2086; x_wconf 74' lang='lat' dir='ltr'><strong>Aristarchi</strong></span> <span class='ocrx_word' id='word_1_93' title='bbox 672 2033 879 2089; x_wconf 86' lang='lat' dir='ltr'><strong>observationes</strong></span> <span class='ocrx_word' id='word_1_94' title='bbox 907 2033 1104 2091; x_wconf 88' lang='lat' dir='ltr'><strong>tantummodo</strong></span> <span class='ocrx_word' id='word_1_95' title='bbox 1127 2032 1196 2089; x_wconf 88' lang='lat' dir='ltr'><strong>duos</strong></span> <span class='ocrx_word' id='word_1_96' title='bbox 1217 2032 1293 2089; x_wconf 89' lang='lat' dir='ltr'><strong>locos</strong></span> <span class='ocrx_word' id='word_1_97' title='bbox 1314 2030 1429 2087; x_wconf 84' lang='lat' dir='ltr'><strong>Homeri</strong></span> <span class='ocrx_word' id='word_1_98' title='bbox 1449 2032 1555 2101; x_wconf 83' lang='lat' dir='ltr'><strong>specta·</strong></span> 
     </span>
     <span class='ocr_line' id='line_1_13' title="bbox 300 2114 1556 2189; baseline 0 -19"><span class='ocrx_word' id='word_1_99' title='bbox 300 2117 372 2187; x_wconf 83' lang='lat'>(137)</span> <span class='ocrx_word' id='word_1_100' title='bbox 383 2114 461 2169; x_wconf 86' lang='lat' dir='ltr'><strong>bant.</strong></span> <span class='ocrx_word' id='word_1_101' title='bbox 489 2114 620 2171; x_wconf 79' lang='lat' dir='ltr'><strong>Ceterum</strong></span> <span class='ocrx_word' id='word_1_102' title='bbox 631 2116 783 2173; x_wconf 90' lang='lat' dir='ltr'><strong>rectissime</strong></span> <span class='ocrx_word' id='word_1_103' title='bbox 796 2117 826 2173; x_wconf 91' lang='lat' dir='ltr'><strong>in</strong></span> <span class='ocrx_word' id='word_1_104' title='bbox 839 2117 883 2172; x_wconf 92' lang='lat' dir='ltr'><strong>his</strong></span> <span class='ocrx_word' id='word_1_105' title='bbox 899 2118 1013 2174; x_wconf 85' lang='lat' dir='ltr'><strong>vocibus</strong></span> <span class='ocrx_word' id='word_1_106' title='bbox 1030 2119 1067 2174; x_wconf 86' lang='lat' dir='ltr'><strong>ad</strong></span> <span class='ocrx_word' id='word_1_107' title='bbox 1084 2119 1198 2189; x_wconf 77' lang='lat' dir='ltr'><strong>etymon</strong></span> <span class='ocrx_word' id='word_1_108' title='bbox 1214 2117 1260 2172; x_wconf 88' lang='lat' dir='ltr'><strong>hio</strong></span> <span class='ocrx_word' id='word_1_109' title='bbox 1277 2116 1391 2172; x_wconf 88' lang='lat' dir='ltr'><strong>minime</strong></span> <span class='ocrx_word' id='word_1_110' title='bbox 1408 2116 1556 2172; x_wconf 88' lang='lat' dir='ltr'><strong>obscurum</strong></span> 
     </span>
     <span class='ocr_line' id='line_1_14' title="bbox 383 2198 1556 2272; baseline 0.003 -19"><span class='ocrx_word' id='word_1_111' title='bbox 383 2198 508 2255; x_wconf 79' lang='lat' dir='ltr'><strong>recurrit.</strong></span> <span class='ocrx_word' id='word_1_112' title='bbox 538 2199 654 2271; x_wconf 90' lang='lat' dir='ltr'><strong>Propria</strong></span> <span class='ocrx_word' id='word_1_113' title='bbox 666 2205 695 2257; x_wconf 86' lang='lat' dir='ltr'><strong>et</strong></span> <span class='ocrx_word' id='word_1_114' title='bbox 706 2201 808 2272; x_wconf 69' lang='lat' dir='ltr'><strong>origini</strong></span> <span class='ocrx_word' id='word_1_115' title='bbox 821 2201 918 2258; x_wconf 82' lang='lat' dir='ltr'><strong>debita</strong></span> <span class='ocrx_word' id='word_1_116' title='bbox 928 2203 1006 2258; x_wconf 83' lang='lat' dir='ltr'><strong>notio</strong></span> <span class='ocrx_word' id='word_1_117' title='bbox 1019 2203 1150 2268; x_wconf 87' lang='lat' dir='ltr'><strong>tenenda,</strong></span> <span class='ocrx_word' id='word_1_118' title='bbox 1168 2201 1243 2257; x_wconf 89' lang='lat' dir='ltr'><strong>unde</strong></span> <span class='ocrx_word' id='word_1_119' title='bbox 1262 2201 1286 2256; x_wconf 91' lang='lat' dir='ltr'><strong>si</strong></span> <span class='ocrx_word' id='word_1_120' title='bbox 1303 2201 1430 2257; x_wconf 80' lang='lat' dir='ltr'><strong>universe</strong></span> <span class='ocrx_word' id='word_1_121' title='bbox 1447 2204 1556 2272; x_wconf 84' lang='lat' dir='ltr'><strong>spectes</strong></span> 
     </span>
     <span class='ocr_line' id='line_1_15' title="bbox 381 2283 1554 2359; baseline 0.003 -22"><span class='ocrx_word' id='word_1_122' title='bbox 381 2283 463 2339; x_wconf 81' lang='lat' dir='ltr'><strong>facile</strong></span> <span class='ocrx_word' id='word_1_123' title='bbox 481 2288 524 2340; x_wconf 90' lang='lat' dir='ltr'><strong>est</strong></span> <span class='ocrx_word' id='word_1_124' title='bbox 541 2284 698 2356; x_wconf 82' lang='lat' dir='ltr'><strong>intelligere</strong></span> <span class='ocrx_word' id='word_1_125' title='bbox 716 2303 773 2342; x_wconf 89' lang='lat' dir='ltr'><strong>non</strong></span> <span class='ocrx_word' id='word_1_126' title='bbox 790 2304 901 2359; x_wconf 82' lang='lat' dir='ltr'><strong>semper</strong></span> <span class='ocrx_word' id='word_1_127' title='bbox 922 2291 1105 2359; x_wconf 74' lang='grc' dir='ltr'><strong><em>παρθενίους</em></strong></span> <span class='ocrx_word' id='word_1_128' title='bbox 1127 2305 1185 2344; x_wconf 79' lang='lat' dir='ltr'><strong>esse</strong></span> <span class='ocrx_word' id='word_1_129' title='bbox 1207 2288 1358 2352; x_wconf 88' lang='grc' dir='ltr'><strong><em>σκοτίους,</em></strong></span> <span class='ocrx_word' id='word_1_130' title='bbox 1380 2285 1426 2341; x_wconf 88' lang='lat' dir='ltr'><strong>vel</strong></span> <span class='ocrx_word' id='word_1_131' title='bbox 1448 2288 1554 2341; x_wconf 88' lang='lat' dir='ltr'><strong>contra.</strong></span> 
     </span>
     <span class='ocr_line' id='line_1_16' title="bbox 381 2367 1555 2442; baseline 0.003 -22"><span class='ocrx_word' id='word_1_132' title='bbox 381 2367 545 2439; x_wconf 83' lang='grc' dir='ltr'><strong><em>Παρθίνιοι</em></strong></span> <span class='ocrx_word' id='word_1_133' title='bbox 559 2370 628 2426; x_wconf 85' lang='lat' dir='ltr'><strong>dicti</strong></span> <span class='ocrx_word' id='word_1_134' title='bbox 640 2370 755 2428; x_wconf 84' lang='lat' dir='ltr'><strong>Tarenti</strong></span> <span class='ocrx_word' id='word_1_135' title='bbox 773 2371 874 2439; x_wconf 89' lang='lat' dir='ltr'><strong>coloni,</strong></span> <span class='ocrx_word' id='word_1_136' title='bbox 890 2371 1039 2428; x_wconf 86' lang='lat' dir='ltr'><strong>iuvenibus</strong></span> <span class='ocrx_word' id='word_1_137' title='bbox 1052 2371 1122 2438; x_wconf 88' lang='lat' dir='ltr'><strong>nati,</strong></span> <span class='ocrx_word' id='word_1_138' title='bbox 1139 2389 1208 2442; x_wconf 87' lang='lat' dir='ltr'><strong>quos</strong></span> <span class='ocrx_word' id='word_1_139' title='bbox 1224 2371 1363 2427; x_wconf 85' lang='lat' dir='ltr'><strong>iusserant</strong></span> <span class='ocrx_word' id='word_1_140' title='bbox 1372 2370 1555 2425; x_wconf 80' lang='lat' dir='ltr'><strong>lacedaemo</strong></span> 
     </span>
     <span class='ocr_line' id='line_1_17' title="bbox 380 2449 1554 2527; baseline 0.003 -23"><span class='ocrx_word' id='word_1_141' title='bbox 380 2451 422 2505; x_wconf 88' lang='lat' dir='ltr'><strong>nii</strong></span> <span class='ocrx_word' id='word_1_142' title='bbox 440 2452 636 2525; x_wconf 73' lang='grc' dir='ltr'><strong><em>συγγενέσθαι</em></strong></span> <span class='ocrx_word' id='word_1_143' title='bbox 654 2463 719 2520; x_wconf 85' lang='grc' dir='ltr'><strong><em>ταῖς</em></strong></span> <span class='ocrx_word' id='word_1_144' title='bbox 735 2455 899 2527; x_wconf 76' lang='grc' dir='ltr'><strong><em>παρθένοις</em></strong></span> <span class='ocrx_word' id='word_1_145' title='bbox 916 2456 1045 2522; x_wconf 79' lang='grc' dir='ltr'><strong><em>ἀπάσαις</em></strong></span> <span class='ocrx_word' id='word_1_146' title='bbox 1054 2449 1187 2520; x_wconf 69' lang='grc' dir='ltr'><strong><em>ἅπαντας</em></strong></span> <span class='ocrx_word' id='word_1_147' title='bbox 1197 2458 1233 2527; x_wconf 85' lang='grc' dir='ltr'><strong>(τ.</strong></span> <span class='ocrx_word' id='word_1_148' title='bbox 1244 2458 1332 2511; x_wconf 80' lang='lat' dir='ltr'><strong>Marx.</strong></span> <span class='ocrx_word' id='word_1_149' title='bbox 1344 2453 1448 2526; x_wconf 82' lang='lat' dir='ltr'><strong>Ephor.</strong></span> <span class='ocrx_word' id='word_1_150' title='bbox 1459 2453 1493 2508; x_wconf 87' lang='lat' dir='ltr'><strong>fr.</strong></span> <span class='ocrx_word' id='word_1_151' title='bbox 1503 2452 1554 2524; x_wconf 75' lang='lat' dir='ltr'><strong>ot).</strong></span> 
     </span>
     <span class='ocr_line' id='line_1_18' title="bbox 381 2531 1554 2613; baseline 0.003 -24"><span class='ocrx_word' id='word_1_152' title='bbox 381 2535 417 2590; x_wconf 91' lang='lat' dir='ltr'><strong>Hi</strong></span> <span class='ocrx_word' id='word_1_153' title='bbox 435 2531 550 2595; x_wconf 78' lang='grc' dir='ltr'><strong><em>σκότιον</em></strong></span> <span class='ocrx_word' id='word_1_154' title='bbox 567 2556 625 2596; x_wconf 87' lang='lat' dir='ltr'><strong>non</strong></span> <span class='ocrx_word' id='word_1_155' title='bbox 641 2545 729 2597; x_wconf 87' lang='lat' dir='ltr'><strong>erant.</strong></span> <span class='ocrx_word' id='word_1_156' title='bbox 759 2541 841 2597; x_wconf 82' lang='lat' dir='ltr'><strong>Vocis</strong></span> <span class='ocrx_word' id='word_1_157' title='bbox 854 2541 957 2613; x_wconf 81' lang='lat' dir='ltr'><strong>origini</strong></span> <span class='ocrx_word' id='word_1_158' title='bbox 967 2541 991 2597; x_wconf 86' lang='lat' dir='ltr'><strong>si</strong></span> <span class='ocrx_word' id='word_1_159' title='bbox 1002 2541 1137 2606; x_wconf 83' lang='lat' dir='ltr'><strong>inhaeres,</strong></span> <span class='ocrx_word' id='word_1_160' title='bbox 1154 2540 1224 2595; x_wconf 87' lang='lat' dir='ltr'><strong>illud</strong></span> <span class='ocrx_word' id='word_1_161' title='bbox 1236 2539 1419 2610; x_wconf 83' lang='lat' dir='ltr'><strong>Euripideum</strong></span> <span class='ocrx_word' id='word_1_162' title='bbox 1436 2537 1554 2609; x_wconf 73' lang='lat' dir='ltr'><strong>explica</strong></span> 
     </span>
     <span class='ocr_line' id='line_1_19' title="bbox 380 2621 1172 2694; baseline 0.008 -19"><span class='ocrx_word' id='word_1_163' title='bbox 380 2621 464 2685; x_wconf 91' lang='lat' dir='ltr'><strong>bitur,</strong></span> <span class='ocrx_word' id='word_1_164' title='bbox 483 2624 560 2692; x_wconf 93' lang='lat' dir='ltr'><strong>quod</strong></span> <span class='ocrx_word' id='word_1_165' title='bbox 577 2624 738 2680; x_wconf 76' lang='lat' dir='ltr'><strong>Hermanno</strong></span> <span class='ocrx_word' id='word_1_166' title='bbox 757 2625 903 2684; x_wconf 87' lang='lat' dir='ltr'><strong>offensioni</strong></span> <span class='ocrx_word' id='word_1_167' title='bbox 920 2627 983 2694; x_wconf 86' lang='lat' dir='ltr'><strong>fuit,</strong></span> <span class='ocrx_word' id='word_1_168' title='bbox 1002 2626 1104 2683; x_wconf 73' lang='grc' dir='ltr'><strong><em>Δίοισί.</em></strong></span> <span class='ocrx_word' id='word_1_169' title='bbox 1123 2630 1172 2682; x_wconf 81' lang='grc'><strong>996</strong></span> 
     </span>
     <span class='ocr_line' id='line_1_20' title="bbox 726 2704 1008 2768; baseline 0.007 -2"><span class='ocrx_word' id='word_1_170' title='bbox 726 2713 777 2767; x_wconf 82' lang='grc' dir='ltr'><strong>καί</strong></span> <span class='ocrx_word' id='word_1_171' title='bbox 793 2715 875 2768; x_wconf 80' lang='grc' dir='ltr'><strong><em>θεῶν</em></strong></span> <span class='ocrx_word' id='word_1_172' title='bbox 893 2704 1008 2768; x_wconf 82' lang='grc' dir='ltr'><strong><em>σκότιοι</em></strong></span> 
     </span>
     <span class='ocr_line' id='line_1_21' title="bbox 546 2789 1007 2870; baseline 0.004 -19"><span class='ocrx_word' id='word_1_173' title='bbox 546 2797 690 2866; x_wconf 81' lang='grc' dir='ltr'><strong><em>φθίνουσι</em></strong></span> <span class='ocrx_word' id='word_1_174' title='bbox 707 2797 810 2861; x_wconf 76' lang='grc' dir='ltr'><strong><em>παῖδες</em></strong></span> <span class='ocrx_word' id='word_1_175' title='bbox 826 2791 861 2852; x_wconf 70' lang='grc' dir='ltr'><strong>ἐκ</strong></span> <span class='ocrx_word' id='word_1_176' title='bbox 877 2789 1007 2870; x_wconf 79' lang='grc' dir='ltr'><strong><em>θανάτῳ.</em></strong></span> 
     </span>
     <span class='ocr_line' id='line_1_22' title="bbox 381 2875 1554 2951; baseline 0.001 -20"><span class='ocrx_word' id='word_1_177' title='bbox 381 2875 441 2932; x_wconf 86' lang='grc' dir='ltr'><strong>Ηοο</strong></span> <span class='ocrx_word' id='word_1_178' title='bbox 458 2877 519 2934; x_wconf 93' lang='lat' dir='ltr'><strong>loco</strong></span> <span class='ocrx_word' id='word_1_179' title='bbox 531 2879 712 2937; x_wconf 82' lang='lat' dir='ltr'><strong>vehementer</strong></span> <span class='ocrx_word' id='word_1_180' title='bbox 730 2879 875 2951; x_wconf 86' lang='lat' dir='ltr'><strong>displicuit</strong></span> <span class='ocrx_word' id='word_1_181' title='bbox 884 2879 1045 2937; x_wconf 86' lang='lat' dir='ltr'><strong>Hermanno</strong></span> <span class='ocrx_word' id='word_1_182' title='bbox 1063 2880 1196 2948; x_wconf 89' lang='lat' dir='ltr'><strong>„deorum</strong></span> <span class='ocrx_word' id='word_1_183' title='bbox 1212 2877 1320 2950; x_wconf 87' lang='lat' dir='ltr'><strong>spurios</strong></span> <span class='ocrx_word' id='word_1_184' title='bbox 1337 2876 1424 2933; x_wconf 72' lang='lat' dir='ltr'><strong>fihod‘</strong></span> <span class='ocrx_word' id='word_1_185' title='bbox 1439 2880 1554 2948; x_wconf 87' lang='lat' dir='ltr'><strong>aposta</strong></span> 
     </span>
     <span class='ocr_line' id='line_1_23' title="bbox 381 2958 1554 3037; baseline -0.002 -21"><span class='ocrx_word' id='word_1_186' title='bbox 381 2963 601 3031; x_wconf 88' lang='lat' dir='ltr'><strong>commemorari,</strong></span> <span class='ocrx_word' id='word_1_187' title='bbox 619 2981 706 3033; x_wconf 90' lang='lat' dir='ltr'><strong>quare</strong></span> <span class='ocrx_word' id='word_1_188' title='bbox 719 2958 833 3020; x_wconf 79' lang='grc' dir='ltr'><strong><em>σκότιον</em></strong></span> <span class='ocrx_word' id='word_1_189' title='bbox 845 2966 883 3018; x_wconf 89' lang='lat' dir='ltr'><strong>ad</strong></span> <span class='ocrx_word' id='word_1_190' title='bbox 894 2969 1034 3037; x_wconf 85' lang='grc' dir='ltr'><strong><em>φθίνουσι</em></strong></span> <span class='ocrx_word' id='word_1_191' title='bbox 1045 2965 1121 3021; x_wconf 87' lang='lat' dir='ltr'><strong>trahi</strong></span> <span class='ocrx_word' id='word_1_192' title='bbox 1139 2964 1225 3030; x_wconf 89' lang='lat' dir='ltr'><strong>iubet,</strong></span> <span class='ocrx_word' id='word_1_193' title='bbox 1243 2967 1277 3019; x_wconf 92' lang='lat' dir='ltr'><strong>ut</strong></span> <span class='ocrx_word' id='word_1_194' title='bbox 1287 2962 1486 3033; x_wconf 77' lang='lat' dir='ltr'><strong>intelligantur,</strong></span> <span class='ocrx_word' id='word_1_195' title='bbox 1505 2960 1554 3030; x_wconf 89' lang='lat' dir='ltr'><strong>qui</strong></span> 
     </span>
     <span class='ocr_line' id='line_1_24' title="bbox 381 3040 1555 3119; baseline -0.002 -18"><span class='ocrx_word' id='word_1_196' title='bbox 381 3046 418 3100; x_wconf 87' lang='lat' dir='ltr'><strong>ad</strong></span> <span class='ocrx_word' id='word_1_197' title='bbox 436 3047 500 3103; x_wconf 87' lang='lat' dir='ltr'><strong>Orci</strong></span> <span class='ocrx_word' id='word_1_198' title='bbox 517 3050 647 3104; x_wconf 79' lang='lat' dir='ltr'><strong>tenebrae</strong></span> <span class='ocrx_word' id='word_1_199' title='bbox 664 3050 777 3105; x_wconf 86' lang='lat' dir='ltr'><strong>abeunt</strong></span> <span class='ocrx_word' id='word_1_200' title='bbox 816 3049 956 3119; x_wconf 84' lang='lat' dir='ltr'><strong>Equidem</strong></span> <span class='ocrx_word' id='word_1_201' title='bbox 973 3049 1072 3106; x_wconf 89' lang='lat' dir='ltr'><strong>dubito</strong></span> <span class='ocrx_word' id='word_1_202' title='bbox 1089 3068 1127 3105; x_wconf 89' lang='lat' dir='ltr'><strong>an</strong></span> <span class='ocrx_word' id='word_1_203' title='bbox 1147 3050 1184 3104; x_wconf 92' lang='lat' dir='ltr'><strong>ab</strong></span> <span class='ocrx_word' id='word_1_204' title='bbox 1202 3047 1376 3105; x_wconf 80' lang='lat' dir='ltr'><strong>auditoribus</strong></span> <span class='ocrx_word' id='word_1_205' title='bbox 1394 3040 1507 3102; x_wconf 82' lang='grc' dir='ltr'><strong><em>σκότιον</em></strong></span> <span class='ocrx_word' id='word_1_206' title='bbox 1525 3048 1555 3100; x_wconf 86' lang='lat' dir='ltr'><strong>et</strong></span> 
     </span>
     <span class='ocr_line' id='line_1_25' title="bbox 381 3131 1553 3204; baseline -0.001 -19"><span class='ocrx_word' id='word_1_207' title='bbox 381 3134 485 3197; x_wconf 77' lang='grc' dir='ltr'><strong><em>παῖδες</em></strong></span> <span class='ocrx_word' id='word_1_208' title='bbox 505 3150 562 3187; x_wconf 85' lang='lat' dir='ltr'><strong>una</strong></span> <span class='ocrx_word' id='word_1_209' title='bbox 578 3133 758 3189; x_wconf 86' lang='lat' dir='ltr'><strong>audientibus</strong></span> <span class='ocrx_word' id='word_1_210' title='bbox 775 3134 846 3189; x_wconf 88' lang='lat' dir='ltr'><strong>haec</strong></span> <span class='ocrx_word' id='word_1_211' title='bbox 864 3134 894 3189; x_wconf 89' lang='lat' dir='ltr'><strong>in</strong></span> <span class='ocrx_word' id='word_1_212' title='bbox 912 3134 996 3191; x_wconf 89' lang='lat' dir='ltr'><strong>aliam</strong></span> <span class='ocrx_word' id='word_1_213' title='bbox 1013 3134 1183 3192; x_wconf 85' lang='lat' dir='ltr'><strong>sententiam</strong></span> <span class='ocrx_word' id='word_1_214' title='bbox 1200 3133 1290 3204; x_wconf 82' lang='lat' dir='ltr'><strong>accipi</strong></span> <span class='ocrx_word' id='word_1_215' title='bbox 1306 3131 1451 3203; x_wconf 86' lang='lat' dir='ltr'><strong>potuerint</strong></span> <span class='ocrx_word' id='word_1_216' title='bbox 1467 3145 1553 3199; x_wconf 86' lang='lat' dir='ltr'><strong>quam</strong></span> 
     </span>
     <span class='ocr_line' id='line_1_26' title="bbox 382 3215 1553 3289; baseline -0.001 -19"><span class='ocrx_word' id='word_1_217' title='bbox 382 3233 438 3284; x_wconf 94' lang='lat' dir='ltr'><strong>quo</strong></span> <span class='ocrx_word' id='word_1_218' title='bbox 449 3216 533 3273; x_wconf 91' lang='lat' dir='ltr'><strong>hodie</strong></span> <span class='ocrx_word' id='word_1_219' title='bbox 544 3218 666 3287; x_wconf 88' lang='lat' dir='ltr'><strong>primum</strong></span> <span class='ocrx_word' id='word_1_220' title='bbox 674 3218 834 3288; x_wconf 80' lang='lat' dir='ltr'><strong>legentibus</strong></span> <span class='ocrx_word' id='word_1_221' title='bbox 844 3219 1002 3289; x_wconf 83' lang='lat' dir='ltr'><strong>propendet</strong></span> <span class='ocrx_word' id='word_1_222' title='bbox 1015 3219 1132 3275; x_wconf 87' lang='lat' dir='ltr'><strong>animus.</strong></span> <span class='ocrx_word' id='word_1_223' title='bbox 1160 3219 1260 3289; x_wconf 86' lang='lat' dir='ltr'><strong>Neque</strong></span> <span class='ocrx_word' id='word_1_224' title='bbox 1271 3234 1337 3273; x_wconf 87' lang='lat' dir='ltr'><strong>vero</strong></span> <span class='ocrx_word' id='word_1_225' title='bbox 1348 3233 1392 3272; x_wconf 90' lang='lat' dir='ltr'><strong>res</strong></span> <span class='ocrx_word' id='word_1_226' title='bbox 1404 3215 1553 3270; x_wconf 82' lang='lat' dir='ltr'><strong>invenusta</strong></span> 
     </span>
     <span class='ocr_line' id='line_1_27' title="bbox 381 3301 1553 3376; baseline 0 -22"><span class='ocrx_word' id='word_1_227' title='bbox 381 3303 432 3367; x_wconf 88' lang='lat' dir='ltr'><strong>est,</strong></span> <span class='ocrx_word' id='word_1_228' title='bbox 451 3303 534 3357; x_wconf 91' lang='lat' dir='ltr'><strong>modo</strong></span> <span class='ocrx_word' id='word_1_229' title='bbox 558 3320 594 3358; x_wconf 89' lang='lat' dir='ltr'><strong>ne</strong></span> <span class='ocrx_word' id='word_1_230' title='bbox 610 3307 704 3359; x_wconf 78' lang='lat' dir='ltr'><strong>vertas</strong></span> <span class='ocrx_word' id='word_1_231' title='bbox 722 3304 854 3370; x_wconf 89' lang='lat' dir='ltr'><strong>„deorum</strong></span> <span class='ocrx_word' id='word_1_232' title='bbox 871 3304 979 3376; x_wconf 84' lang='lat' dir='ltr'><strong>spurios</strong></span> <span class='ocrx_word' id='word_1_233' title='bbox 995 3304 1095 3368; x_wconf 87' lang='lat' dir='ltr'><strong>fihos,“</strong></span> <span class='ocrx_word' id='word_1_234' title='bbox 1118 3304 1167 3359; x_wconf 87' lang='lat' dir='ltr'><strong>sed</strong></span> <span class='ocrx_word' id='word_1_235' title='bbox 1185 3301 1377 3369; x_wconf 83' lang='lat' dir='ltr'><strong>„clandestino</strong></span> <span class='ocrx_word' id='word_1_236' title='bbox 1394 3316 1488 3354; x_wconf 85' lang='lat' dir='ltr'><strong>amore</strong></span> <span class='ocrx_word' id='word_1_237' title='bbox 1504 3316 1553 3370; x_wconf 81' lang='lat' dir='ltr'><strong>ge·</strong></span> 
     </span>
     <span class='ocr_line' id='line_1_28' title="bbox 380 3383 1553 3459; baseline -0.003 -21"><span class='ocrx_word' id='word_1_238' title='bbox 380 3383 484 3440; x_wconf 86' lang='lat' dir='ltr'><strong>nitos“:</strong></span> <span class='ocrx_word' id='word_1_239' title='bbox 502 3389 535 3441; x_wconf 91' lang='lat' dir='ltr'><strong>ut</strong></span> <span class='ocrx_word' id='word_1_240' title='bbox 552 3388 683 3444; x_wconf 74' lang='lat' dir='ltr'><strong>vocabuli</strong></span> <span class='ocrx_word' id='word_1_241' title='bbox 694 3388 863 3459; x_wconf 80' lang='lat' dir='ltr'><strong>primigenia</strong></span> <span class='ocrx_word' id='word_1_242' title='bbox 878 3389 957 3445; x_wconf 85' lang='lat' dir='ltr'><strong>notio</strong></span> <span class='ocrx_word' id='word_1_243' title='bbox 975 3392 1107 3445; x_wconf 89' lang='lat' dir='ltr'><strong>teneatur</strong></span> <span class='ocrx_word' id='word_1_244' title='bbox 1117 3391 1151 3443; x_wconf 94' lang='lat' dir='ltr'><strong>ut</strong></span> <span class='ocrx_word' id='word_1_245' title='bbox 1163 3387 1239 3443; x_wconf 84' lang='lat' dir='ltr'><strong>alibi.</strong></span> <span class='ocrx_word' id='word_1_246' title='bbox 1268 3384 1553 3454; x_wconf 62' lang='lat' dir='ltr'><strong>namucencis,</strong></span> 
     </span>
     <span class='ocr_line' id='line_1_29' title="bbox 383 3463 1553 3548; baseline -0.003 -24"><span class='ocrx_word' id='word_1_247' title='bbox 383 3473 411 3525; x_wconf 91' lang='lat'><strong>11</strong></span> <span class='ocrx_word' id='word_1_248' title='bbox 424 3464 482 3526; x_wconf 75' lang='lat' dir='ltr'><strong>ont</strong></span> <span class='ocrx_word' id='word_1_249' title='bbox 500 3465 598 3548; x_wconf 74' lang='grc' dir='ltr'><strong><em>σκότῳ</em></strong></span> <span class='ocrx_word' id='word_1_250' title='bbox 616 3472 650 3530; x_wconf 74' lang='grc' dir='ltr'><strong><em>σε</em></strong></span> <span class='ocrx_word' id='word_1_251' title='bbox 667 3467 813 3545; x_wconf 75' lang='grc' dir='ltr'><strong><em>γεγονόςι</em></strong></span> <span class='ocrx_word' id='word_1_252' title='bbox 831 3467 960 3540; x_wconf 86' lang='grc' dir='ltr'><strong><em>σκότιος,</em></strong></span> <span class='ocrx_word' id='word_1_253' title='bbox 979 3463 1056 3547; x_wconf 67' lang='grc' dir='ltr'><strong><em>ὅπερ</em></strong></span> <span class='ocrx_word' id='word_1_254' title='bbox 1074 3472 1138 3530; x_wconf 75' lang='grc' dir='ltr'><strong><em>ἐστὶ</em></strong></span> <span class='ocrx_word' id='word_1_255' title='bbox 1149 3475 1302 3545; x_wconf 86' lang='grc' dir='ltr'><strong><em>λαθραίας.</em></strong></span> <span class='ocrx_word' id='word_1_256' title='bbox 1323 3470 1378 3527; x_wconf 83' lang='lat' dir='ltr'><strong>Sed</strong></span> <span class='ocrx_word' id='word_1_257' title='bbox 1388 3467 1553 3540; x_wconf 81' lang='lat' dir='ltr'><strong>Apollonius</strong></span> 
     </span>
     <span class='ocr_line' id='line_1_30' title="bbox 380 3552 1554 3630; baseline -0.001 -22"><span class='ocrx_word' id='word_1_258' title='bbox 380 3553 492 3610; x_wconf 85' lang='lat' dir='ltr'><strong>ridetur</strong></span> <span class='ocrx_word' id='word_1_259' title='bbox 509 3556 589 3624; x_wconf 92' lang='lat' dir='ltr'><strong>mihi,</strong></span> <span class='ocrx_word' id='word_1_260' title='bbox 612 3559 689 3628; x_wconf 87' lang='lat' dir='ltr'><strong>quod</strong></span> <span class='ocrx_word' id='word_1_261' title='bbox 706 3559 857 3613; x_wconf 87' lang='lat' dir='ltr'><strong>Homerum</strong></span> <span class='ocrx_word' id='word_1_262' title='bbox 879 3562 965 3630; x_wconf 83' lang='lat' dir='ltr'><strong>prave</strong></span> <span class='ocrx_word' id='word_1_263' title='bbox 982 3558 1172 3623; x_wconf 77' lang='lat' dir='ltr'><strong>intellexerat,</strong></span> <span class='ocrx_word' id='word_1_264' title='bbox 1196 3555 1265 3611; x_wconf 84' lang='lat' dir='ltr'><strong>falso</strong></span> <span class='ocrx_word' id='word_1_265' title='bbox 1282 3558 1369 3624; x_wconf 79' lang='lat' dir='ltr'><strong>atque</strong></span> <span class='ocrx_word' id='word_1_266' title='bbox 1385 3555 1483 3625; x_wconf 86' lang='lat' dir='ltr'><strong>inepte</strong></span> <span class='ocrx_word' id='word_1_267' title='bbox 1499 3552 1554 3607; x_wconf 90' lang='lat' dir='ltr'><strong>hoc</strong></span> 
     </span>
     <span class='ocr_line' id='line_1_31' title="bbox 317 3636 1554 3715; baseline 0 -24"><span class='ocrx_word' id='word_1_268' title='bbox 317 3639 364 3690; x_wconf 75' lang='lat'><strong>133</strong></span> <span class='ocrx_word' id='word_1_269' title='bbox 382 3641 519 3698; x_wconf 89' lang='lat' dir='ltr'><strong>vocabulo</strong></span> <span class='ocrx_word' id='word_1_270' title='bbox 536 3660 601 3699; x_wconf 89' lang='lat' dir='ltr'><strong>usus</strong></span> <span class='ocrx_word' id='word_1_271' title='bbox 618 3646 685 3700; x_wconf 81' lang='lat' dir='ltr'><strong>eise.</strong></span> <span class='ocrx_word' id='word_1_272' title='bbox 714 3643 817 3699; x_wconf 84' lang='lat' dir='ltr'><strong>Narrat</strong></span> <span class='ocrx_word' id='word_1_273' title='bbox 833 3640 987 3714; x_wconf 78' lang='lat' dir='ltr'><strong>Hypsipyle</strong></span> <span class='ocrx_word' id='word_1_274' title='bbox 1010 3644 1112 3715; x_wconf 84' lang='lat'>(181⁰)</span> <span class='ocrx_word' id='word_1_275' title='bbox 1133 3642 1226 3698; x_wconf 90' lang='lat' dir='ltr'><strong>Iasoni</strong></span> <span class='ocrx_word' id='word_1_276' title='bbox 1250 3640 1364 3697; x_wconf 79' lang='lat' dir='ltr'><strong>maritos</strong></span> <span class='ocrx_word' id='word_1_277' title='bbox 1381 3639 1418 3693; x_wconf 87' lang='lat' dir='ltr'><strong>ab</strong></span> <span class='ocrx_word' id='word_1_278' title='bbox 1433 3636 1554 3693; x_wconf 79' lang='lat' dir='ltr'><strong>&#39;Phr-acia</strong></span> 
     </span>
     <span class='ocr_line' id='line_1_32' title="bbox 381 3722 1552 3799; baseline -0.004 -19"><span class='ocrx_word' id='word_1_279' title='bbox 381 3726 558 3796; x_wconf 85' lang='lat' dir='ltr'><strong>expeditione</strong></span> <span class='ocrx_word' id='word_1_280' title='bbox 580 3728 695 3784; x_wconf 79' lang='lat' dir='ltr'><strong>reduces</strong></span> <span class='ocrx_word' id='word_1_281' title='bbox 717 3728 839 3799; x_wconf 88' lang='lat' dir='ltr'><strong>expulsis</strong></span> <span class='ocrx_word' id='word_1_282' title='bbox 861 3728 993 3783; x_wconf 74' lang='lat' dir='ltr'><strong>uxoribus</strong></span> <span class='ocrx_word' id='word_1_283' title='bbox 1015 3727 1141 3799; x_wconf 83' lang='lat' dir='ltr'><strong>captivas</strong></span> <span class='ocrx_word' id='word_1_284' title='bbox 1162 3725 1284 3797; x_wconf 78' lang='lat' dir='ltr'><strong>virgines</strong></span> <span class='ocrx_word' id='word_1_285' title='bbox 1299 3742 1393 3780; x_wconf 86' lang='lat' dir='ltr'><strong>secum</strong></span> <span class='ocrx_word' id='word_1_286' title='bbox 1410 3722 1552 3778; x_wconf 77' lang='lat' dir='ltr'><strong>habuisse:</strong></span> 
     </span>
     <span class='ocr_line' id='line_1_33' title="bbox 548 3799 1375 3885; baseline -0.004 -18"><span class='ocrx_word' id='word_1_287' title='bbox 548 3811 685 3884; x_wconf 77' lang='grc' dir='ltr'><strong><em>σχέτλιοι.</em></strong></span> <span class='ocrx_word' id='word_1_288' title='bbox 714 3803 802 3882; x_wconf 71' lang='grc' dir='ltr'><strong><em>ἦμεν</em></strong></span> <span class='ocrx_word' id='word_1_289' title='bbox 819 3807 1095 3885; x_wconf 61' lang='lat' dir='ltr'><strong>oppositarum,</strong></span> <span class='ocrx_word' id='word_1_290' title='bbox 1113 3807 1146 3868; x_wconf 75' lang='grc' dir='ltr'><strong><em>εἴ</em></strong></span> <span class='ocrx_word' id='word_1_291' title='bbox 1157 3814 1194 3868; x_wconf 74' lang='lat' dir='ltr'><strong>nd</strong></span> <span class='ocrx_word' id='word_1_292' title='bbox 1209 3801 1275 3866; x_wconf 81' lang='grc' dir='ltr'><strong><em>ποτ’</em></strong></span> <span class='ocrx_word' id='word_1_293' title='bbox 1292 3799 1375 3874; x_wconf 76' lang='grc' dir='ltr'><strong><em>αὖτις</em></strong></span> 
     </span>
     <span class='ocr_line' id='line_1_34' title="bbox 549 3889 1273 3968; baseline -0.003 -15"><span class='ocrx_word' id='word_1_294' title='bbox 549 3891 606 3967; x_wconf 74' lang='grc' dir='ltr'><strong>ὀψὲ</strong></span> <span class='ocrx_word' id='word_1_295' title='bbox 621 3894 851 3968; x_wconf 69' lang='grc' dir='ltr'><strong><em>μεταστρέψωσι</em></strong></span> <span class='ocrx_word' id='word_1_296' title='bbox 869 3890 952 3953; x_wconf 88' lang='grc' dir='ltr'><strong><em>νόον·</em></strong></span> <span class='ocrx_word' id='word_1_297' title='bbox 969 3889 1005 3953; x_wconf 80' lang='grc' dir='ltr'><strong>τὸ</strong></span> <span class='ocrx_word' id='word_1_298' title='bbox 1022 3895 1056 3953; x_wconf 74' lang='lat' dir='ltr'><strong>di</strong></span> <span class='ocrx_word' id='word_1_299' title='bbox 1073 3889 1196 3953; x_wconf 75' lang='grc' dir='ltr'><strong><em>διπλόον</em></strong></span> <span class='ocrx_word' id='word_1_300' title='bbox 1213 3892 1273 3952; x_wconf 80' lang='grc' dir='ltr'><strong><em>αἰεί</em></strong></span> 
     </span>
     <span class='ocr_line' id='line_1_35' title="bbox 547 3975 1309 4054; baseline -0.004 -16"><span class='ocrx_word' id='word_1_301' title='bbox 547 3993 628 4053; x_wconf 78' lang='grc' dir='ltr'><strong><em>πημα</em></strong></span> <span class='ocrx_word' id='word_1_302' title='bbox 645 3982 739 4037; x_wconf 79' lang='grc' dir='ltr'><strong><em>κακὸν</em></strong></span> <span class='ocrx_word' id='word_1_303' title='bbox 755 3975 941 4054; x_wconf 72' lang='grc' dir='ltr'><strong><em>προῦβαινεν.</em></strong></span> <span class='ocrx_word' id='word_1_304' title='bbox 970 3980 1152 4049; x_wconf 73' lang='grc' dir='ltr'><strong><em>ἀτιμάζοντο</em></strong></span> <span class='ocrx_word' id='word_1_305' title='bbox 1170 3978 1204 4036; x_wconf 75' lang='grc' dir='ltr'><strong>δὲ</strong></span> <span class='ocrx_word' id='word_1_306' title='bbox 1220 3977 1309 4036; x_wconf 76' lang='grc' dir='ltr'><strong><em>τέκνα</em></strong></span> 
     </span>
     <span class='ocr_line' id='line_1_36' title="bbox 545 4056 1388 4138; baseline -0.005 -17"><span class='ocrx_word' id='word_1_307' title='bbox 545 4067 638 4138; x_wconf 74' lang='grc' dir='ltr'><strong><em>γνήσι’</em></strong></span> <span class='ocrx_word' id='word_1_308' title='bbox 658 4062 703 4121; x_wconf 75' lang='grc' dir='ltr'><strong><em>ἐνί</em></strong></span> <span class='ocrx_word' id='word_1_309' title='bbox 718 4059 869 4137; x_wconf 79' lang='grc' dir='ltr'><strong><em>μεγάροις,</em></strong></span> <span class='ocrx_word' id='word_1_310' title='bbox 886 4067 1011 4136; x_wconf 79' lang='grc' dir='ltr'><strong><em>σκοτίη</em></strong></span> <span class='ocrx_word' id='word_1_311' title='bbox 1029 4056 1060 4120; x_wconf 80' lang='grc' dir='ltr'><strong><em>θ’</em></strong></span> <span class='ocrx_word' id='word_1_312' title='bbox 1076 4065 1214 4121; x_wconf 73' lang='grc' dir='ltr'><strong><em>ἀνέτελλε</em></strong></span> <span class='ocrx_word' id='word_1_313' title='bbox 1229 4061 1388 4135; x_wconf 75' lang='grc' dir='ltr'><strong><em>γενέθλη.</em></strong></span> 
     </span>
     <span class='ocr_line' id='line_1_37' title="bbox 380 4145 1552 4221; baseline -0.003 -17"><span class='ocrx_word' id='word_1_314' title='bbox 380 4149 433 4205; x_wconf 91' lang='lat' dir='ltr'><strong>Hic</strong></span> <span class='ocrx_word' id='word_1_315' title='bbox 454 4150 581 4221; x_wconf 87' lang='lat' dir='ltr'><strong>proiecto</strong></span> <span class='ocrx_word' id='word_1_316' title='bbox 603 4167 660 4206; x_wconf 88' lang='lat' dir='ltr'><strong>non</strong></span> <span class='ocrx_word' id='word_1_317' title='bbox 682 4148 790 4205; x_wconf 85' lang='lat' dir='ltr'><strong>celatur</strong></span> <span class='ocrx_word' id='word_1_318' title='bbox 811 4149 983 4206; x_wconf 63' lang='lat' dir='ltr'><strong>concubitus,</strong></span> <span class='ocrx_word' id='word_1_319' title='bbox 1018 4148 1085 4215; x_wconf 85' lang='lat' dir='ltr'><strong>Sed,</strong></span> <span class='ocrx_word' id='word_1_320' title='bbox 1107 4151 1141 4204; x_wconf 92' lang='lat' dir='ltr'><strong>ut</strong></span> <span class='ocrx_word' id='word_1_321' title='bbox 1162 4147 1232 4214; x_wconf 86' lang='lat' dir='ltr'><strong>dixi,</strong></span> <span class='ocrx_word' id='word_1_322' title='bbox 1255 4146 1403 4203; x_wconf 89' lang='lat' dir='ltr'><strong>Homerico</strong></span> <span class='ocrx_word' id='word_1_323' title='bbox 1426 4145 1552 4217; x_wconf 87' lang='lat' dir='ltr'><strong>exemplo</strong></span> 
     </span>
     <span class='ocr_line' id='line_1_38' title="bbox 380 4230 1553 4306; baseline -0.003 -18"><span class='ocrx_word' id='word_1_324' title='bbox 380 4235 482 4289; x_wconf 86' lang='lat' dir='ltr'><strong>abusus</strong></span> <span class='ocrx_word' id='word_1_325' title='bbox 499 4238 548 4301; x_wconf 88' lang='lat' dir='ltr'><strong>est,</strong></span> <span class='ocrx_word' id='word_1_326' title='bbox 566 4253 584 4291; x_wconf 90' lang='lat' dir='ltr'><strong>a</strong></span> <span class='ocrx_word' id='word_1_327' title='bbox 601 4252 657 4305; x_wconf 88' lang='lat' dir='ltr'><strong>quo</strong></span> <span class='ocrx_word' id='word_1_328' title='bbox 674 4234 787 4306; x_wconf 82' lang='lat' dir='ltr'><strong>putavit</strong></span> <span class='ocrx_word' id='word_1_329' title='bbox 804 4232 943 4300; x_wconf 86' lang='grc' dir='ltr'><strong><em>σκοτίους</em></strong></span> <span class='ocrx_word' id='word_1_330' title='bbox 961 4234 1016 4289; x_wconf 89' lang='lat' dir='ltr'><strong>dici</strong></span> <span class='ocrx_word' id='word_1_331' title='bbox 1037 4233 1198 4304; x_wconf 86' lang='lat' dir='ltr'><strong>quicunque</strong></span> <span class='ocrx_word' id='word_1_332' title='bbox 1215 4250 1271 4289; x_wconf 92' lang='lat' dir='ltr'><strong>non</strong></span> <span class='ocrx_word' id='word_1_333' title='bbox 1288 4233 1362 4288; x_wconf 88' lang='lat' dir='ltr'><strong>iusto</strong></span> <span class='ocrx_word' id='word_1_334' title='bbox 1374 4230 1443 4288; x_wconf 89' lang='lat' dir='ltr'><strong>editi</strong></span> <span class='ocrx_word' id='word_1_335' title='bbox 1462 4235 1553 4286; x_wconf 84' lang='lat' dir='ltr'><strong>essent</strong></span> 
     </span>
     <span class='ocr_line' id='line_1_39' title="bbox 380 4311 1551 4393; baseline -0.003 -21"><span class='ocrx_word' id='word_1_336' title='bbox 380 4319 564 4375; x_wconf 89' lang='lat' dir='ltr'><strong>matrimonio.</strong></span> <span class='ocrx_word' id='word_1_337' title='bbox 595 4320 637 4375; x_wconf 89' lang='lat' dir='ltr'><strong>De</strong></span> <span class='ocrx_word' id='word_1_338' title='bbox 649 4318 837 4375; x_wconf 81' lang='lat' dir='ltr'><strong>Callimacheo</strong></span> <span class='ocrx_word' id='word_1_339' title='bbox 853 4319 923 4383; x_wconf 83' lang='grc' dir='ltr'><strong><em>τοὺς</em></strong></span> <span class='ocrx_word' id='word_1_340' title='bbox 939 4319 1019 4393; x_wconf 73' lang='grc' dir='ltr'><strong><em>αὐτῷ</em></strong></span> <span class='ocrx_word' id='word_1_341' title='bbox 1039 4323 1179 4383; x_wconf 87' lang='grc' dir='ltr'><strong><em>σκοτίους</em></strong></span> <span class='ocrx_word' id='word_1_342' title='bbox 1195 4311 1390 4388; x_wconf 79' lang='grc' dir='ltr'><strong><em>ἐμπελάτειρα</em></strong></span> <span class='ocrx_word' id='word_1_343' title='bbox 1404 4316 1492 4373; x_wconf 79' lang='grc' dir='ltr'><strong><em>τέκεν</em></strong></span> <span class='ocrx_word' id='word_1_344' title='bbox 1508 4316 1551 4386; x_wconf 83' lang='lat' dir='ltr'><strong>(fr.</strong></span> 
     </span>
     <span class='ocr_line' id='line_1_40' title="bbox 381 4401 1510 4475; baseline -0.002 -17"><span class='ocrx_word' id='word_1_345' title='bbox 381 4402 487 4474; x_wconf 83' lang='lat' dir='ltr'>CLXX)</span> <span class='ocrx_word' id='word_1_346' title='bbox 504 4403 622 4460; x_wconf 85' lang='lat' dir='ltr'><strong>iudicari</strong></span> <span class='ocrx_word' id='word_1_347' title='bbox 638 4404 750 4475; x_wconf 88' lang='lat' dir='ltr'><strong>nequit:</strong></span> <span class='ocrx_word' id='word_1_348' title='bbox 766 4405 815 4460; x_wconf 88' lang='lat' dir='ltr'><strong>sed</strong></span> <span class='ocrx_word' id='word_1_349' title='bbox 832 4403 944 4461; x_wconf 85' lang='lat' dir='ltr'><strong>videtur</strong></span> <span class='ocrx_word' id='word_1_350' title='bbox 960 4405 1036 4459; x_wconf 89' lang='lat' dir='ltr'><strong>recte</strong></span> <span class='ocrx_word' id='word_1_351' title='bbox 1054 4402 1162 4458; x_wconf 88' lang='lat' dir='ltr'><strong>dictum</strong></span> <span class='ocrx_word' id='word_1_352' title='bbox 1179 4401 1274 4457; x_wconf 84' lang='lat' dir='ltr'><strong>fuisse:</strong></span> <span class='ocrx_word' id='word_1_353' title='bbox 1299 4401 1385 4469; x_wconf 87' lang='lat' dir='ltr'><strong>,clam</strong></span> <span class='ocrx_word' id='word_1_354' title='bbox 1402 4404 1510 4457; x_wconf 76' lang='lat' dir='ltr'><strong>uxore·</strong></span> 
     </span>
    </p>
   </div>
   <div class='ocr_carea' id='block_1_6' title="bbox 0 0 1718 4934">
    <p class='ocr_par' dir='ltr' id='par_1_7' title="bbox 0 0 1718 4934">
     <span class='ocr_line' id='line_1_41' title="bbox 0 0 1718 4934; baseline 0 0"><span class='ocrx_word' id='word_1_355' title='bbox 0 0 1718 4934; x_wconf 95' lang='lat' dir='ltr'><strong> </strong></span> 
     </span>
    </p>
   </div>
  </div>
 </body>
</html>
