3425 4934
373 331 431 393 134
453 322 488 378 II.
514 321 556 377 De
574 320 751 377 Aristarchea
768 319 970 377 vocabulorum
986 319 1197 377 Homerioorum
1212 320 1453 392 interpretatione.

370 491 411 557 ad
431 514 459 558 s.
482 496 557 569 346,
583 490 617 555 iu
643 512 708 575 quo
737 511 818 575 quae
844 495 977 576 peccata
999 494 1077 556 sunl
1096 513 1194 575 supra
1214 491 1337 556 correxi
1358 490 1391 555 iu
1412 514 1440 557 τ.
1461 478 1542 577 ὦδε)

370 599 416 664 sic
434 599 554 683 scripta
572 599 716 663 iuemnl:
732 645 739 660 .
756 645 787 665 ..
808 589 957 662 κάκεῖσε·
977 594 1035 662 καὶ
1048 592 1158 663 ἔοικεν
1171 592 1383 685 ε’ξειληφέναι
1394 596 1433 665 τὸ
1448 587 1542 678 »ὦδε

370 703 431 792 γὰρ
453 698 613 791 ίίβρισανιι
634 708 721 789 (346)
742 707 902 789 τοπικῶς,
923 699 994 771 ἔστι
1016 700 1075 770 δὲ.
1093 707 1203 773 ...7611

452 814 496 877 M
508 819 569 882 359
581 801 658 878 ,ὧδε
678 810 741 898 γὰρ
763 807 900 897 ἔβρισαν
913 806 1054 878 Λυκίων
1075 806 1169 898 άγοίε
1189 806 1222 900 (υ)
1239 812 1346 901 διπλῆ
1360 836 1541 900 περιεστιγ-

367 916 462 1007 μένη)
478 915 532 986 ὅτι
547 913 735 1008 Ζηνόδοτος
749 915 873 1009 γράφει
894 922 1008 1000 ,,κεῖσε
1030 918 1092 1007 γὰρ
1113 915 1275 1007 ύβρισανί*
1298 915 1362 1003 ούχ
1376 917 1476 1008 δγιιῖς
1494 919 1542 1002 εἰς

369 1027 494 1096 ἐκεῖνον
514 1026 573 1095 τὸν
585 1022 704 1095 τόπον·
727 1028 780 1094 δεῖ
799 1026 862 1112 γὰρ
880 1025 915 1095 ἒν
937 1024 1051 1116 ἐκείνῳ
1072 1032 1120 1113 τηῖ
1140 1021 1244 1116 τόπῳ.
1280 1026 1383 1096 δεῖδὲ
1401 1026 1542 1120 γράφειν
1632 1088 1633 1093 ,

368 1126 450 1204 ὧδε·
483 1135 606 1221 τὸγὰρ
632 1130 810 1221 λεγόμενόν
837 1134 937 1202 ἐστιν·
968 1133 1073 1215 οὕτως
1093 1131 1304 1230 ἐπεβάρησοςν
1326 1135 1410 1204 ὥστε
1428 1133 1542 1225 χρείαν

368 1241 454 1326 ἔχειν
477 1238 570 1330 ἡμᾶς
594 1238 791 1327 συμμαχίας.
834 1249 878 1311 Μ
894 1251 955 1315 368
983 1238 1086 1327 αύτδρ
1111 1241 1176 1330 ἔγιδ
1202 1239 1281 1312 κεῖά
1305 1236 1376 1329 εἶμι
1400 1243 1458 1313 καί
1482 1242 1542 1312 δν-

367 1349 450 1420 τιόω
472 1349 657 1435 πολέμοισι
679 1346 711 1439 (ἡ
730 1350 838 1439 διπλῆ
850 1347 1115 1439 περιεστιγμένη)
1137 1348 1192 1418 ὅτι
1210 1349 1398 1440 Ζηνόδοτος
1418 1346 1542 1442 γράφει

369 1463 471 1527 κεῖθι.
509 1463 607 1527 τοῦτο
635 1456 673 1525 δὲ
694 1455 848 1547 σημαίνει
869 1455 904 1525 ἐν
927 1453 1043 1547 ἐκείνην
1062 1463 1111 1547 τηῖ
1130 1455 1239 1548 τόπῳ·
1265 1459 1304 1527 τδ
1328 1458 1364 1528 δὲ
1385 1464 1472 1528 κεῖσε
1494 1455 1542 1539 είς

369 1565 568 1635 ἐκεῖνοντὸν
588 1559 696 1634 τόπον
715 1563 941 1651 πορεύσομαι,
966 1563 1050 1650 ὅπερ
1071 1570 1126 1632 νῦν
1147 1561 1296 1654 ἁρμόζει.
1338 1570 1442 1649 Quam
1463 1593 1541 1637 oon·

368 1678 529 1744 fusionem
564 1678 599 1741 in
627 1676 691 1742 hoc
718 1697 835 1763 genere
862 1676 1040 1742 Homerum
1069 1677 1181 1743 decere
1209 1679 1393 1763 putaverint
1416 1678 1540 1744 nullum

368 1785 484 1852 melius
499 1785 679 1870 exemplum
694 1807 792 1869 quam
807 1783 895 1869 quod
909 1784 1041 1850 fuerunt
1055 1783 1151 1865 (sicut
1166 1785 1375 1871 Chrysippus)
1391 1785 1447 1870 qui
1460 1784 1541 1851 illud

306 1913 353 1963 155
454 1884 492 1958 ού
515 1889 578 1977 γὰρ
600 1887 664 1976 ἐγὼ
688 1887 812 1974 Τρώων
834 1883 919 1957 ἕνεκ’
943 1883 1076 1977 ἤλυθον
1098 1886 1286 1979 αἰχμητάων

452 2000 548 2085 δεῦρο
569 1994 856 2085 μαχησόμενος-
1542 2062 1545 2069 ,

369 2111 419 2192 (Α
448 2111 520 2190 152)
545 2108 742 2193 explicarent
770 2108 841 2188 „hio
866 2108 1107 2194 proeliaturus“.
1156 2107 1296 2175 Zonaras
1321 2132 1352 2194 p.
1378 2117 1449 2178 491.
1488 2110 1541 2177 Es.

368 2216 410 2281 Μ.
425 2222 495 2294 259,
509 2223 538 2282 4.
556 2214 663 2281 Schol.
680 2216 745 2281 111
774 2215 863 2294 Quos
882 2216 969 2282 haud
982 2217 1049 2283 veri
1066 2217 1220 2283 dissimile
1235 2221 1286 2284 est
1298 2239 1433 2284 causam·
1449 2241 1541 2284 suam

368 2323 552 2389 sublevasse
574 2346 612 2389 eo
634 2323 705 2389 looo
728 2346 824 2407 quem
846 2323 887 2388 ab
908 2324 1001 2389 initio
1023 2326 1205 2410 posuimus,
1232 2321 1290 2390 καί
1311 2316 1392 2389 εῖσω
1413 2316 1541 2406 δόρπον

369 2425 518 2511 ἐκόσμει,
542 2431 594 2495 vel
616 2430 773 2498 similibus
795 2434 836 2514 (v.
860 2432 960 2498 schol.
982 2437 1020 2497 A
1044 2437 1129 2515 152),
1157 2455 1240 2517 quos
1260 2432 1374 2519 pingui
1395 2432 1541 2498 Minerva

367 2538 663 2623 interpretaremur.
703 2537 790 2604 Plul.
810 2561 898 2625 poes.
921 2539 1016 2606 Hom.
1038 2535 1070 2621 β
1093 2546 1133 2608 63
1154 2537 1213 2605 καὶ
1234 2533 1445 2625 ίπιρρήματά
1465 2562 1539 2605 τινα

368 2639 562 2711 ἐναλλάσσει
580 2648 652 2721 τοῖς
672 2639 720 2723 είς
740 2640 845 2713 τόπον
865 2645 923 2712 καί
943 2650 1014 2724 τοῖς
1035 2642 1070 2712 ἕν
1089 2640 1185 2733 τόπῳ
1205 2644 1262 2713 καί
1281 2651 1352 2724 τοῖς
1371 2644 1409 2713 ἐκ
1432 2642 1538 2715 τόπου

367 2744 565 2839 ἀδιαφόρως
584 2745 761 2835 χριόμενος,
785 2748 851 2833 „oi
872 2747 904 2819 δ’
929 2746 1214 2840 <υ1ωνοὶδ115ω>
1236 2749 1399 2838 ἐτόρευσε
1421 2748 1537 2820 κάθι·

368 2860 457 2941 ζον“
490 2864 535 2944 (Υ
562 2863 632 2944 151)
665 2853 751 2925 ἀντὶ
782 2864 850 2928 τοῦ
882 2855 1065 2946 ἑτέρωθι·
1096 2863 1153 2928 καί
1185 2857 1305 2941 „Alae
1331 2856 1363 2928 δ’
1400 2860 1538 2947 ἐγγύθεν

366 2960 499 3056 ἦλθενί*
514 2970 569 3055 (H
582 2968 659 3053 219)
675 2961 749 3033 ἀντὶ
761 2971 821 3035 τοῦ
835 2965 936 3053 ἐγγύς.
962 2969 1053 3036 Haeo
1067 2971 1218 3037 subtilius
1232 2970 1414 3059 intelligere
1429 2974 1539 3038 docuit

367 3078 588 3144 Aristarchum
616 3077 726 3143 iudicii
755 3100 905 3155 acumen,
931 3078 1102 3144 accedente
1131 3084 1169 3145 ut
1189 3078 1272 3145 solet
1292 3084 1440 3145 accuratu
1461 3102 1539 3147 oon·

284 3197 355 3269 (14⁰)
369 3184 548 3250 suetudinis
573 3184 763 3250 Homericae
794 3185 987 3268 cognitione.
1036 3185 1167 3251 Etenim
1198 3208 1271 3253 oum
1300 3186 1351 3251 his
1382 3187 1539 3254 rationem

365 3294 488 3359 hubent
514 3293 574 3358 hee
597 3292 851 3358 observationes:
883 3297 917 3356 Κ
936 3299 997 3362 268
1019 3287 1204 3358 Σκάνδειαν
1227 3286 1259 3358 δ’
1284 3286 1350 3378 άρα
1372 3293 1476 3359 δῶκε·
1503 3291 1536 3381 (ἡ

366 3398 486 3484 διπλῇ)
508 3393 561 3464 ότι
581 3394 686 3476 οὕτως
704 3390 797 3464 εἶπεν
819 3393 892 3465 άντὶ
913 3402 970 3464 τοῦ
993 3392 1041 3477 εἷς
1063 3392 1252 3466 Σκάνδειαν
1272 3395 1475 3480 ἀπέστειλεν,
1495 3398 1540 3479 ὡς

365 3500 534 3591 ,πεύθετο
557 3504 618 3591 γὰρ
633 3503 836 3590 Κύπρονδεα
860 3511 911 3590 (A
925 3512 979 3591 21)
1001 3501 1073 3574 ἀντὶ
1094 3513 1153 3575 τοῦ
1173 3501 1222 3587 εἰς
1238 3502 1378 3592 Κύπρον
1398 3502 1539 3595 ἠκούετο

366 3614 423 3681 διὰ
450 3613 488 3682 τὸ
520 3611 781 3700 διαγγέλλεσδαι
808 3612 844 3681 ἐκ
870 3608 978 3682 τόπου
1004 3610 1052 3693 εἰς
1077 3612 1194 3687 τόπον.
1238 3622 1277 3683 Λ
1298 3625 1337 3687 21
1360 3612 1393 3702 (ἡ
1419 3615 1538 3703 διπλῇ)

365 3720 418 3790 ὅτι
445 3720 549 3801 οὕτως
574 3716 702 3810 εἴρηκεν
730 3716 778 3801 είς
802 3718 943 3808 Κύπρον
971 3718 1112 3811 ἠκούετο
1141 3723 1198 3791 διὰ
1227 3724 1266 3791 τὸ
1296 3720 1344 3803 είς
1368 3719 1475 3793 τόπον
1502 3723 1540 3791 ἐκ

364 3827 470 3900 τόπου
494 3826 756 3916 διαγγέλλεσδαι
778 3826 899 3914 ὅμοιον
919 3835 966 3918 τηῖ
986 3827 1197 3910 ,,Σκάνδειαν
1220 3826 1250 3897 δ’
1274 3827 1341 3916 άρα
1363 3832 1538 3901 emacem&

432 4054 476 4094 ⁷6·
493 4051 601 4119 <Verba
618 4043 681 4106 ἔστι
699 4050 731 4106 δὲ
749 4043 815 4108 δνσὶ
832 4057 887 4108 τοῦ
899 4046 994 4118 οὕτως
1010 4053 1047 4107 ab
1066 4052 1198 4109 hocloco
1215 4052 1307 4108 aliena
1325 4070 1383 4109 esse
1401 4053 1538 4110 indicarit

364 4134 563 4191 Friedlaender
579 4135 700 4191 Arislou.
718 4156 745 4207 p.
764 4138 836 4203 212.)
1148 4183 1150 4187 .
1234 4190 1238 4200 ,

431 4222 457 4262 7⁷
491 4220 532 4274 Of.
545 4220 656 4278 Hesiod.
668 4219 719 4291 Op.
736 4225 784 4277 611
800 4211 949 4292 άπόδρεπε
968 4216 1070 4278 οίκαδε
1086 4215 1201 4292 βότρυς.
1232 4221 1271 4277 Et
1286 4223 1368 4279 haec:
1385 4213 1424 4279 ἵν’
1435 4218 1537 4279 οἴκαδε

365 4302 471 4374 κέρδος
489 4297 575 4375 ἄρηαι
592 4308 651 4363 632.
681 4303 773 4361 πολὺν
790 4306 843 4364 σὺν
860 4306 933 4364 λαδν
949 4300 1071 4376 ἄγειραν
1087 4298 1220 4372 Ἑλλάδος
1236 4304 1269 4374 ἐξ
1287 4305 1370 4379 leole
1384 4306 1489 4379 Τροίην
1505 4304 1537 4372 ἐς

363 4388 572 4456 καλλιγύναικα
588 4394 647 4447 653.
