3425 4934
614 334 636 385 1.
659 328 700 385 De
718 326 887 385 accentibus
1275 334 1336 396 249

77 482 80 489 Δ
167 501 270 567 lemur
287 498 374 564 hune
388 518 489 561 unum
507 518 576 562 esse
593 496 825 576 Aristarchum,
839 495 896 580 qui
910 517 945 560 se
960 494 1231 560 modestissimum
1245 514 1338 580 prae·

168 608 256 686 buit,
285 603 455 689 analogiae
482 624 629 669 normam
658 625 756 688 quam
780 602 929 668 universe
959 605 994 667 ut
1014 604 1142 667 constat
1163 602 1197 667 in
1217 601 1339 688 linguis

168 712 275 780 valere
301 710 404 777 voluit
430 710 595 775 moderate
624 709 783 799 adhibuit,
811 731 887 796 prae
916 708 1066 794 analogia
1085 713 1119 775 et
1137 709 1231 775 certis
1251 709 1339 774 fixis·

171 843 234 906 que
255 817 377 905 regulis
397 839 492 883 usum
514 817 616 883 tuitus
637 820 671 884 et
690 818 800 884 nativo
822 816 963 902 quodam
984 815 1124 882 confisus
1145 839 1255 899 sensu,
1275 839 1339 902 quo

169 928 204 993 in
225 926 331 1013 patrio
353 924 492 990 maxime
511 946 659 991 sermone
680 924 838 991 doctiores
858 945 953 1010 saepe
973 924 1073 991 nescii
1093 924 1135 991 ad
1156 945 1266 991 verum
1285 925 1340 991 du·

170 1037 297 1101 cuntur.
340 1031 435 1111 Quod
462 1036 618 1117 quantum
646 1032 751 1098 valeat
779 1031 972 1118 intelligitur
990 1032 1129 1097 maxime
1149 1032 1341 1116 oompqratis

171 1140 365 1227 quibusdam
393 1140 580 1224 posterioris
605 1140 675 1206 aevi
697 1139 927 1225 grammaticis,
951 1161 1024 1205 cum
1054 1139 1134 1205 alios
1161 1139 1244 1219 dieo,
1260 1143 1340 1204 ‘tum

172 1247 413 1334 Tyrannionem
428 1250 462 1312 et
474 1246 695 1313 Ascalonitam
708 1245 938 1325 Ptolemaeum,
957 1247 1013 1332 qui
1026 1245 1225 1313 Gottschedii
1244 1245 1341 1312 simili

169 1355 276 1422 studio
300 1353 383 1420 nihil
403 1376 470 1420 uon
492 1359 580 1419 certa
601 1355 739 1439 quadam
759 1354 874 1440 regula
891 1353 1048 1440 adstringi
1065 1354 1217 1420 volebant
1230 1356 1262 1436 (a
1276 1374 1339 1438 quo

170 1484 274 1529 sermo
296 1462 468 1548 ingenioso
488 1461 614 1527 homini
635 1461 750 1528 similis
772 1461 952 1545 abhorret),
980 1462 1037 1546 qui
1057 1461 1220 1527 inauditos
1240 1483 1300 1527 nee
1321 1485 1341 1526 a

169 1569 317 1654 paradosi
342 1567 395 1633 vel
421 1567 462 1634 ab
487 1567 673 1634 Herodiano
700 1568 920 1653 modestiaque
950 1568 1167 1656 grammaticis
1194 1573 1340 1655 receptos

170 1679 319 1743 macutus
348 1674 558 1742 excudebant.
602 1674 722 1742 Contra
749 1679 782 1740 et
807 1676 974 1760 paradosis
1000 1680 1033 1742 et
1055 1676 1211 1743 eiusmodi
1233 1698 1341 1763 gram

168 1784 276 1851 matini
301 1782 400 1869 longe
426 1783 460 1848 in
486 1782 648 1867 plerisque
669 1781 857 1848 Aristarcho
885 1783 1086 1870 adstipulati‚
1113 1784 1180 1849 imo
1202 1783 1270 1849 eius
1290 1785 1341 1849 in·

172 1892 255 1958 dicio
289 1912 523 1975 nonnunquam
557 1889 631 1975 plns
667 1889 780 1957 confisi
807 1893 897 1968 sunt,
931 1914 1028 1976 qnam
1058 1891 1124 1957 suis
1149 1890 1341 1956 rationibus:

170 2020 267 2084 quem
298 1998 455 2064 honorem
480 2018 538 2082 per
566 1999 617 2062 tot
648 1995 776 2067 saecula
809 2020 975 2084 nunquam
1000 1997 1166 2065 mendacio
1193 1996 1341 2063 habitum

170 2106 317 2173 arbitror.

251 2323 320 2405 §2
360 2320 505 2386 Primum
532 2319 633 2405 igitur
661 2323 817 2404 qnantum
837 2319 1006 2407 analogiae
1027 2321 1159 2401 rationi,
1181 2325 1338 2406 quantum
1351 2335 1423 2405 (σου)

171 2428 243 2494 usai
262 2428 392 2506 dederit
411 2427 564 2512 exemplis
583 2430 620 2492 ut
640 2425 720 2492 mihi
738 2426 865 2494 videtur
883 2428 1014 2494 minime
1034 2428 1140 2495 dubiis
1159 2428 1338 2494 lustremus.

253 2535 371 2601 Herod.
400 2537 429 2598 B
455 2539 517 2602 262
546 2526 648 2603 αίδῶε
680 2526 894 2615 Ἀρίσταρχος
927 2532 1189 2619 περισπωμένως
1224 2528 1340 2620 ἀναγι-

171 2637 300 2721 νιόσκει,
324 2636 450 2725 ὁμοίιος
469 2636 526 2705 καί
545 2638 584 2707 τὸ
607 2631 686 2727 »ἠῶ
708 2640 783 2706 δῖαν
804 2635 947 2725 ἔμιμνε(
962 2645 1093 2727 (1662).
1122 2639 1179 2709 καί
1193 2636 1290 2729 ἡμεῖς
1304 2639 1341 2708 δὲ

171 2743 262 2838 αὐτῷ
276 2748 602 2834 συγκατατιθέμεθα.
637 2741 817 2827 Διονόσιος
831 2744 869 2814 δὲ
884 2744 902 2817 ὁ
917 2743 1080 2828 Σιδόνιος
1093 2742 1211 2831 δξόνει.
1239 2743 1341 2833 Πόμ-

171 2857 272 2948 φιλος
293 2853 331 2923 δὲ
351 2852 464 2934 πόσας
483 2853 544 2934 τὰς
563 2847 722 2933 τοιαύτας
742 2849 930 2936 αἱτιατικὰς
949 2860 1112 2944 περισπᾷ·
1133 2859 1264 2943 „Aqui
1279 2853 1340 2942 γὰρ

172 2958 205 3031 δ’
220 2962 371 3053 ἥλκησε(ι
386 2964 419 3048 (λ
427 2967 500 3048 580)
514 2960 572 3029 καί
586 2966 722 3042 „Hadri
739 2956 771 3027 δ’
787 2959 987 3051 δρχαμένην“
1003 2964 1127 3050 (tem),
1144 2959 1230 3042 ἐπεί,
1247 2959 1340 3052 φησί,

171 3067 293 3160 Ληνόα
322 3068 391 3137 ἐστὶ
416 3070 473 3136 καὶ
497 3065 633 3138 Πυθόα.
676 3063 855 3149 Διονύσιος
886 3068 924 3137 δὲ
955 3065 973 3138 ὁ
1000 3073 1094 3159 Θρᾷξ
1125 3092 1208 3160 φησι
1232 3075 1343 3149 κακῶς

171 3173 392 3265 ἀνεγνωκέναι
411 3176 470 3245 τὸν
492 3171 707 3265 Ἀρίσταρχον
728 3176 813 3244 κατὰ
834 3176 892 3245 τὸν
913 3177 1167 3264 περισπώμενον
1186 3172 1283 3245 τόνον
1303 3176 1341 3246 τό

170 3286 231 3371 μὲν
252 3281 338 3353 αἰδῶ
352 3282 410 3351 καί
430 3278 494 3373 ἠῶ,
513 3283 555 3349 τὰ
578 3282 616 3351 δὲ
637 3279 725 3351 όίλλα
746 3279 816 3352 κατ’
840 3280 950 3368 ὀξεῖαν
963 3282 1069 3366 τάσιν,
1085 3281 1210 3366 Πυθώ,
1224 3284 1342 3374 Λητώ·

171 3393 267 3482 ἐχρῆν
288 3390 360 3480 γάρ,
383 3386 495 3483 φησίν,
520 3386 647 3476 ὁμοίως
668 3386 896 3478 ἀνεγνωκέναι.
925 3388 985 3462 οόκ
1007 3386 1043 3461 εὖ
1065 3391 1101 3460 δὲ
1113 3391 1284 3481 μέμφεται
1295 3398 1343 3480 τῷ

168 3495 383 3588 Ἀριστάρχῳ,
407 3495 476 3584 ε’ίγε
502 3494 567 3587 ἤδη
591 3494 754 3590 διάφοροι
775 3498 811 3568 αἳ
831 3496 975 3583 εὐθεῖαι,
998 3496 1077 3590 ἠώς,
1101 3495 1214 3581 αίδιός,
1237 3496 1342 3589 Λητιό

173 3607 210 3676 δὲ
228 3607 286 3677 καί
298 3605 418 3677 fleon.
447 3602 536 3674 ἔστιν
556 3598 614 3673 σόν
636 3601 735 3692 λόγος
757 3605 839 3696 ὑπὲρ
859 3605 1176 3698 τῆςἈρισταρχείου
1195 3603 1342 3695 ἀναγνοί-

171 3739 255 3795 σεως
280 3714 421 3802 καὶτῆς
446 3712 712 3804 κατεγνωσμένης
737 3710 932 3804 προσῳδίας
958 3707 1069 3799 οὗτος,
1093 3715 1146 3785 ότι
1165 3715 1263 3804 ἐχρῆν
1281 3713 1343 3799 μὲν

170 3823 210 3891 τὸ
223 3820 335 3890 need
356 3825 605 3907 περισπᾶσθαι,
629 3818 813 3912 ἐπειδήπερ
828 3820 957 3890 Πυθόα
978 3821 1046 3894 ἐστί
1068 3823 1124 3893 καί
1139 3829 1238 3892 τοῦτο
1254 3817 1343 3915 ἀπῄ-

170 3955 223 3998 τει
248 3926 269 4019 ἡ
297 3923 499 4020 συναλοιφή.
541 3924 627 3997 ἀλλὰ
656 3925 761 3997 πόλιν
787 3929 826 3999 τὸ
855 3929 1022 4001 πτωτικόν
1050 3957 1076 3997 ω
1110 3927 1344 4021 ἀπέστραπται

169 4037 229 4108 τὸν
251 4034 504 4122 περισπώμενον
523 4034 633 4106 τόνον·
656 4038 740 4105 κατὰ
761 4043 861 4106 τοῦτο
883 4034 1032 4121 ιδξόνετο.
1067 4033 1168 4129 ταύτῃ
1188 4045 1266 4126 γοῦν
1286 4038 1343 4107 καί

169 4151 230 4215 τοῦ
253 4148 393 4234 χρυσοῦς
419 4144 674 4232 περισπωμένου
702 4146 741 4213 τὸ
771 4146 887 4214 δυϊκὸν
915 4140 1082 4230 όξόνομεν.
1123 4144 1228 4226 οὕτως
1252 4141 1340 4216 ἄπο·
1357 4161 1406 4212 253

171 4251 340 4322 δείκνυται
365 4250 418 4322 ότι
442 4250 543 4344 καὶὴ
573 4254 667 4342 καλῷ
693 4254 808 4343 δοτικὴ
836 4249 884 4336 είς
910 4281 924 4322 ι
949 4254 1043 4345 λήγει
1069 4252 1126 4321 καί
1152 4248 1213 4322 οόκ
1239 4249 1286 4334 είς
1306 4280 1342 4323 ω.

171 4358 323 4452 δεότερος
345 4360 382 4431 δὲ
405 4358 506 4449 λόγος
525 4356 657 4452 ἀληθής
676 4359 764 4431 ἐστιν
785 4355 831 4444 ὦς
851 4357 970 4431 aiteio
991 4361 1049 4431 καί
1070 4357 1235 4453 αἰτιατικὴ
1259 4355 1343 4449 δμό·
