3425 4934
340 324 380 389 38
433 317 467 371 II.
485 316 526 373 Do
544 313 721 372 Arislorohos
738 313 938 371 vocabulorum
955 312 1165 369 Homerioorum
1182 313 1423 384 interpretatione.

339 507 473 570 ροντοςι
495 478 528 574 (ἢ
552 482 670 574 διπλῆ)
693 477 805 552 ὅτιτὸ
833 486 907 551 τοῖο
930 476 991 551 οῦκ
1012 477 1100 550 ἔστιν
1121 476 1265 569 ἀγαθοῦ,
1289 477 1335 561 ῶς
1355 477 1388 552 οί
1410 482 1513 568 γλωσ-

339 587 521 679 σογράφοι,
550 585 638 658 ἀλλὰ
665 595 905 676 θαυμαστικῶς
928 589 1077 659 τοιοῦτον
1103 593 1156 676 (of.
1183 592 1249 659 solu
1268 591 1320 677 Β).
1343 631 1383 640 -
1404 594 1433 655 Σ
1452 599 1512 662 378

340 692 373 766 σί
388 693 418 765 δ
434 693 510 790 ἤτοι
523 696 643 768 τόσσον
655 697 717 784 μέν
731 695 806 782 έχον
819 696 925 780 τέλος,
951 691 1055 766 οῦατα
1071 692 1100 764 δ’
1118 692 1212 766 οῦπω
1228 692 1393 766 δαιδάλεα
1407 721 1514 784 προσ-

339 804 464 875 έκειτοε
496 800 617 876 τόσσον
641 804 718 891 μέν·
750 805 804 875 ότι
833 805 892 875 ἐπὶ
917 811 982 873 τῶν
1003 806 1096 895 παρὰ
1116 806 1236 892 μικρὸν
1255 804 1513 891 τετελειωμένων

339 911 445 994 οῦτως
464 912 567 1001 λέγει·
589 906 654 997 ,,δς
673 914 712 985 τὸ
732 912 795 1001 μέν
815 912 901 982 ἄλλο
923 912 1021 984 τόσον
1042 917 1158 1005 φοῖνιξ
1175 907 1240 1006 ἦν(
1262 919 1311 998 (Ψ
1327 920 1417 1001 454),
1436 919 1515 1002 ,τοῦ

342 1019 379 1090 δέ
399 1020 458 1090 καί
479 1017 564 1090 ἀλλο
585 1016 688 1092 τόσον
707 1021 770 1109 μέν
791 1018 844 1106 έχε
862 1018 969 1106 χρόαα
990 1026 1039 1108 (Χ
1059 1028 1142 1108 322).
1188 1025 1228 1091 A.
1258 1017 1291 1088 σί
1312 1020 1350 1088 δέ
1368 1022 1513 1108 γλωσσο-

339 1126 466 1221 γράφοι
486 1126 586 1198 τόσον
608 1125 681 1199 ἀντὶ
701 1135 761 1199 τοῦ
781 1130 821 1198 τδ
842 1135 948 1216 σῶμα.
983 1132 1024 1201 V.
1039 1132 1078 1198 of.
1101 1130 1209 1199 sch.B
1232 1131 1313 1197 etv
1333 1133 1374 1197 sd
1394 1136 1431 1195 X
1443 1137 1513 1201 322.

342 1243 464 1310 ἰ11454
485 1282 524 1292 -
546 1242 579 1305 Δ
599 1246 660 1309 315
682 1243 786 1331 γῆρας
805 1235 956 1323 όμοίίσνε
977 1234 1030 1305 ότι
1050 1233 1083 1307 ol
1102 1231 1359 1327 γλωσσογράφοι
1380 1232 1515 1322 όμσίιόυ

336 1345 376 1416 τό
397 1342 512 1415 κακόν.
554 1349 602 1417 (lf.
624 1348 717 1417 Eusu
737 1373 767 1435 p.
788 1355 865 1430 476,
885 1356 935 1417 44.
955 1385 996 1397 -
1018 1353 1039 1413 Ι
1057 1356 1118 1418 546
1140 1337 1177 1426 ός
1197 1351 1277 1433 (σῦς)
1303 1344 1390 1412 κακὰ
1412 1341 1511 1414 πόλλ’

337 1451 489 1543 ἔρδεσκεν
508 1450 600 1524 έθων
630 1450 750 1545 Οἰνῆος
774 1448 904 1544 άλωήνε
935 1451 988 1521 ὅτι
1015 1451 1048 1523 οἱ
1074 1451 1332 1545 γλωσσογράφοι
1356 1453 1395 1523 τὸ
1421 1450 1514 1522 έθων

338 1559 545 1632 ἀποδιδόασι
559 1559 731 1648 βλάπτων·
752 1557 823 1631 έστι
840 1560 877 1630 δέ
891 1560 929 1644 ἐξ
949 1557 1052 1642 έθσνς
1072 1560 1269 1652 ἐπιφοιτῶν.
1290 1606 1331 1616 -
1351 1567 1386 1629 Κ
1400 1571 1440 1634 56
1462 1561 1515 1629 ile

338 1675 414 1740 θεῖν
435 1669 471 1751 ές
484 1667 643 1763 φυλάκων
661 1665 756 1759 ίερδυ
769 1668 883 1750 τέλοςε
904 1670 958 1739 ὅτι
979 1666 1012 1739 οἱ
1032 1667 1290 1762 γλωσσογράφοι
1309 1666 1400 1759 ίερόν
1418 1668 1515 1750 τέλος

336 1779 376 1848 τό
396 1777 483 1866 μέγα
503 1775 623 1866 τάγμα.
644 1820 685 1830 -
706 1784 736 1846 Ρ
749 1788 806 1850 151
830 1777 906 1848 ἐπεὶ
922 1771 1125 1868 Σαρπηδόν’,
1148 1775 1220 1864 ἅμα
1233 1781 1339 1861 ξεῖνον
1353 1777 1411 1846 καί
1425 1774 1515 1846 {voi-

337 1913 397 1975 ρον
417 1884 580 1967 κάλλιπες
596 1881 800 1974 Ἀργείοισιν
828 1884 914 1975 ἕλωρ
943 1886 1001 1955 καί
1027 1889 1134 1974 κόρμα
1159 1884 1336 1974 γενέσθαιε
1363 1884 1386 1975 ἡ
1410 1888 1515 1977 διπλῆ

339 1992 393 2066 ὅτι
413 1997 455 2064 τὰ
472 1991 597 2084 έλιόρια
620 1999 671 2081 (Α
690 2001 723 2082 4)
745 1990 806 2064 οῦκ
829 1991 900 2063 ι’έοτι
921 1991 1099 2083 βρῶματα,
1122 1990 1169 2075 ῶς
1190 1991 1223 2064 σί
1244 1990 1512 2085 γλωσσογράφοι,
1583 2044 1588 2053 .

338 2100 411 2171 ἀλλ’
433 2097 631 2190 έλκόσματα.
664 2143 703 2154 -
726 2106 759 2170 Ω
784 2111 844 2174 367
867 2098 900 2194 (ι)
923 2103 1040 2193 διπλῆ)
1068 2100 1121 2171 ότι
1139 2096 1178 2171 οῦ
1200 2099 1335 2183 πάντως
1353 2099 1515 2190 βρῶματα

271 2218 327 2286 (15)
338 2210 379 2279 τὰ
399 2206 551 2294 ὀνείατα,
580 2207 627 2291 ῶς
648 2206 681 2278 οἱ
702 2198 976 2301 γλωσσογράφοι,
1008 2208 1094 2279 ἀλλὰ
1114 2207 1226 2279 πάντα
1246 2211 1288 2278 τὰ
1311 2204 1424 2299 ῦνησίυ
1440 2235 1515 2278 τινα

336 2324 595 2408 περιποιοῦντα,
617 2312 663 2399 ῶς
683 2323 739 2387 νῦν
764 2318 807 2386 τὰ
835 2321 937 2407 δῶρα.
960 2362 999 2373 -
1030 2324 1064 2387 Ψ
1083 2328 1142 2391 661
1170 2309 1198 2409 ᾧ
1225 2317 1263 2387 δέ
1283 2315 1312 2386 κ’
1337 2313 1516 2385 Ἀπόλλων

338 2423 408 2518 δῴη
430 2423 635 2517 καμμονίηνε
657 2424 710 2496 ότι
731 2420 792 2494 οῦκ
813 2421 903 2496 έστιν
920 2421 956 2495 έν
978 2420 1056 2495 ἀνθ>
1079 2423 1154 2508 ἑνὸς
1174 2425 1342 2516 καμμονίι)
1363 2422 1447 2516 νίκιγ,
1471 2420 1518 2505 ῶς

338 2532 371 2605 οἱ
392 2532 669 2627 γλωσσογράφοι,
696 2529 770 2602 ἀλλ’
799 2530 822 2623 ἤ
848 2533 885 2603 ἐκ
906 2536 1044 2604 πολλῶν
1065 2540 1098 2620 (l.
1118 2540 1321 2626 καταμσνῆς,
1343 2561 1372 2603 v.
1393 2538 1459 2606 soh.
1482 2541 1519 2602 Χ

337 2650 421 2728 257).
451 2642 506 2712 διδ
537 2641 595 2711 ἀντὶ
617 2641 767 2731 δρομέων
796 2637 836 2712 οδ
857 2644 985 2725 τάσσει,
1017 2638 1090 2710 ἀλλ’
1118 2641 1176 2712 ἐπὶ
1200 2647 1267 2710 τῶν
1289 2636 1517 2712 πυκτευόντων

336 2751 394 2820 καὶ
416 2747 695 2838 μονομαχούντων
724 2757 774 2838 (Χ
791 2755 880 2837 257)
906 2746 970 2834 μία
992 2753 1025 2836 (l
1045 2751 1142 2840 μετὰ)
1172 2749 1234 2840 γάρ
1255 2757 1453 2843 καταμονῆς.
1474 2793 1517 2804 -

337 2866 454 2933 11822
476 2858 639 2949 δοόπησευ
669 2857 706 2927 δέ
726 2857 856 2927 πεσώνι
885 2855 939 2926 ὅτι
966 2856 1094 2926 ἐκτῶν
1121 2863 1280 2929 τοιούτων
1308 2856 1516 2943 ἀπεδέξαντο

337 2965 370 3038 οἱ
384 2964 644 3060 γλωσσογράφοι
656 2966 695 3036 τό
710 2970 877 3059 δουπῆσαι
890 2961 928 3034 έν
945 2960 1024 3034 ἀνθ’
1042 2963 1116 3048 ένδς
1136 2963 1210 3037 ἀντὶ
1228 2974 1288 3038 τοῦ
1309 2962 1516 3037 ἀποθανεῖν·

337 3071 495 3164 ἀγνοοῦσι
513 3072 550 3144 δέ
564 3073 615 3145 δτι
630 3069 690 3144 οῦκ
709 3072 767 3143 έπί
786 3074 914 3155 παντὸς
933 3072 1083 3143 θανάτου
1104 3070 1221 3145 τάσσει
1239 3076 1299 3167 τὴν
1320 3074 1418 3160 λέξιν,
1440 3072 1514 3145 ἀλλ’

336 3184 395 3253 ἐπὶ
407 3189 471 3251 τῶν
486 3181 521 3252 έν
541 3181 682 3272 πολέμῳ
697 3180 889 3252 πιπτόντων
903 3183 960 3253 διὰ
974 3182 1033 3253 τὸν
1052 3186 1378 3271 παρακολουθοῦντα
1398 3181 1518 3278 ψόφον

337 3291 374 3361 έκ
389 3298 456 3360 τῶν
471 3288 596 3360 ὅπλων.
632 3295 757 3361 Eadem
771 3317 823 3362 res
844 3295 896 3362 bis
916 3299 1082 3381 praetores
1102 3294 1235 3372 moniis,
1258 3298 1297 3361 N
1305 3302 1376 3367 426.
1402 3300 1436 3362 Ψ
1447 3304 1519 3367 679.

337 3441 377 3453 -
405 3402 578 3470 Praetores
606 3403 779 3489 quinquies
807 3403 906 3469 iidem
935 3403 1162 3491 glossographi
1182 3405 1302 3484 notati,
1329 3407 1416 3492 quod
1437 3428 1517 3471 ποι-

337 3509 451 3578 πνόειν
471 3533 529 3598 per
551 3509 718 3577 διακονεῖν
739 3511 794 3596 (εδ
814 3506 848 3579 Ξ
870 3513 957 3594 155),
986 3506 1118 3596 πρόμος
1137 3533 1196 3597 por
1214 3508 1372 3595 βασιλεῦς
1392 3517 1437 3597 (Γ
1454 3517 1518 3598 44),

335 3613 469 3705 μάσταξ
495 3640 553 3718 ρετ
580 3610 676 3702 ἀκρίς
701 3620 842 3704 (1324),
865 3611 1005 3708 ἀφήτωρ
1030 3640 1089 3706 por
1116 3615 1281 3708 στρυφεός
1305 3622 1407 3707 (quod
1432 3622 1519 3688 idem

338 3728 540 3795 Zenodotum
557 3749 715 3814 peccasse,
737 3730 756 3790 l
769 3730 853 3812 404),
873 3719 1029 3810 βράσσων
1041 3749 1100 3814 por
1114 3724 1262 3795 ἐλάσσων
1275 3729 1385 3810 (verbo
1398 3731 1520 3814 βραχύς

337 3857 497 3921 nusquam
524 3833 704 3903 Homerum
729 3836 792 3917 uli,
821 3839 856 3900 Κ
879 3836 953 3918 226)
984 3834 1243 3922 explicuerint.²¹
1286 3836 1340 3904 Sio
1365 3839 1517 3908 ludorum

404 4037 430 4079 21
447 4034 485 4090 Hi
503 4034 554 4090 soli
572 4033 643 4090 oorti
659 4037 726 4091 sunl
743 4033 896 4091 Austonioi
919 4034 1027 4092 locide
1048 4036 1262 4109 glossographis.
1305 4039 1384 4095 Idom
1406 4058 1471 4096 usus
1488 4041 1519 4097 in

340 4119 483 4190 Apollonii
500 4119 552 4175 lou
571 4119 651 4175 Hom.
669 4118 755 4185 vonit,
774 4120 877 4190 purtim
895 4119 993 4176 iisdem
1010 4119 1041 4176 in
1058 4122 1210 4188 vocabulis,
1227 4139 1345 4193 quorum
1356 4124 1387 4180 in
1398 4125 1518 4198 expliou

339 4205 418 4262 lione
435 4204 527 4260 adhuc
544 4203 576 4259 in
592 4202 705 4259 scholiis
721 4204 905 4261 Aristsrohois
922 4209 1048 4277 apparet,
1068 4224 1094 4261 v.
1107 4199 1237 4278 άφὴτωρ,
1254 4207 1385 4265 δνελατα.
1420 4210 1518 4267 Eusto-

298 4297 330 4350 38
342 4290 418 4346 thius
435 4306 510 4345 nuno
522 4288 633 4346 oosdom
644 4288 857 4359 glossographus
875 4288 955 4357 dixit,
978 4307 1011 4346 ox
1028 4289 1140 4347 scholiis
1161 4290 1263 4347 nostris
1285 4291 1425 4358 hauiions,
1442 4314 1519 4352 nuno

340 4377 376 4431 ob
395 4375 542 4431 Athenaeo
556 4377 687 4430 mutuans
710 4375 739 4429 et
756 4372 960 4446 lexicographis
973 4374 1123 4444 Ameriam,
1149 4375 1327 4445 Hermonem,
1347 4377 1519 4435 Clitarchum
