3425 4934
622 292 644 344 l.
667 287 710 344 De
727 288 897 344 accentibus.
1279 285 1339 348 273

173 454 383 540 cognovimus
403 455 438 519 in
459 447 595 532 Δαναός
613 449 732 543 Δανάη
757 457 810 540 (cf.
833 456 933 523 schol.
955 455 983 521 Β
1004 456 1033 516 Σ
1052 454 1114 535 44).
1149 448 1281 516 Etenim
1302 447 1341 512 de

173 562 323 628 muliebri
357 562 487 628 nomine
518 567 654 629 constat.
702 563 809 631 Schol.
835 562 923 630 Nub.
950 570 1010 631 747
1039 557 1078 625 τὸ
1112 553 1149 624 δὲ
1178 548 1343 642 Θεττάλην

170 661 317 735 Ἀττικοὶ
343 660 601 754 decinerescat
626 668 712 736 κατὰ
733 667 935 756 Μένανδρον
962 663 1009 747 ὥς
1029 662 1189 754 δαμάλην.
1231 664 1343 750 Steph.

175 776 251 862 Bya.
278 799 306 843 s.
334 771 522 844 umacus.-
556 776 595 844 τὸ
625 774 772 867 &mdiu
801 778 914 867 δρᾶμα
937 774 1136 859 Μενάνδρου
1166 768 1345 858 βαρύνεται

174 880 268 969 παρὰ
282 876 448 963 Ἀττικοῖς
467 879 517 963 οἷς
536 879 686 975 ἰδιότητα
706 882 815 956 τεθέν.
854 886 938 971 (Nos
960 887 1087 972 saepius
1111 874 1278 967 Θεττάλην
1297 880 1345 945 le·

177 993 284 1079 gimns
307 993 394 1079 apud
416 992 648 1080 Alniphronem
673 995 759 1064 133.
786 1001 834 1063 37.
860 998 922 1078 39.)
957 996 1109 1060 Ammon.
1133 997 1190 1061 117
1219 981 1346 1075 άδελφε

176 1103 253 1185 γοῦν
282 1096 417 1185 λέγουσι
445 1098 506 1187 τὴν
530 1097 665 1191 πρώτην
690 1095 921 1184 ὀξυτσνσύντες
947 1094 994 1180 ὡς
1018 1093 1166 1177 tinette,
1200 1093 1301 1187 φησὶν
1327 1087 1346 1162 ὁ

180 1201 334 1297 Τρύφων,
357 1205 629 1295 παρατιθέμενος
647 1204 825 1298 Φιλήμονα
841 1206 902 1279 τὸν
914 1202 1083 1289 Αἰξωνέα,
1106 1203 1164 1273 καὶ
1181 1196 1349 1291 Θεττάλην

176 1311 224 1394 ὡς
244 1309 438 1404 Μυρτάλην.
477 1318 592 1401 Recte,
614 1320 741 1404 opinor,
762 1319 994 1405 synecdromen
1014 1318 1148 1384 indicatz
1173 1314 1277 1380 simile
1300 1315 1350 1378 est

179 1428 277 1493 etiam
297 1416 447 1511 Πετάληε
479 1449 675 1512 quamquam
699 1427 779 1494 haec
799 1429 834 1493 in
854 1427 1032 1494 masculino
1056 1446 1185 1511 quoque
1206 1420 1349 1507 pellicie-

179 1536 248 1614 bat,
275 1534 302 1599 si
328 1533 468 1599 sermoni
494 1535 586 1619 sequi
611 1535 759 1602 libuisset
788 1539 826 1618 (e.
852 1558 883 1623 g.
904 1531 1073 1610 Πύτταλος
1097 1532 1236 1598 Acharn.
1261 1535 1349 1597 1045.

182 1647 270 1710 123&
304 1639 401 1726 vesp.
430 1644 531 1724 1472).
573 1642 722 1709 Ceterum
747 1643 776 1709 si
800 1638 938 1728 quando
954 1640 1103 1708 meliores
1129 1638 1206 1706 Mas.
1233 1639 1350 1702 tacta·

181 1751 302 1815 buntur
327 1748 377 1815 vel
402 1748 528 1829 melius,
558 1749 799 1831 diiudicabitur,
828 1751 955 1817 idemne
985 1748 1137 1815 acciderit
1164 1749 1198 1811 in
1223 1737 1351 1822 Λυδός,

182 1858 270 1942 qnod
283 1878 443 1943 nusquam
457 1857 550 1922 aliter
563 1859 723 1940 scribitur,
745 1863 778 1925 et
794 1850 908 1944 Λυδή,
929 1858 1017 1943 quod
1037 1856 1124 1922 haud
1138 1852 1238 1920 semel
1253 1847 1352 1935 Λάδη

184 1966 337 2051 scriptum
359 1964 467 2030 inveni
479 1964 536 2033 ¹⁸⁸:
559 1987 753 2052 quamquam
774 1965 926 2032 meliores
947 1965 1022 2030 illuc
1043 1963 1207 2030 inclinant.
1312 1998 1313 2001 π

263 2070 418 2138 Nondum
432 2072 509 2138 licet
525 2073 567 2138 ab
587 2072 639 2138 his
660 2074 807 2159 propriis,
829 2074 947 2158 quibus
968 2094 1041 2138 cum
1062 2070 1197 2136 urbibus
1219 2073 1252 2135 et
1273 2089 1354 2154 gen·

183 2182 270 2247 tibus
291 2182 442 2266 cognatio
465 2183 526 2259 est,
547 2180 719 2249 discedere.
760 2181 893 2247 Etenim
918 2179 1189 2247 consideravimus
1216 2180 1436 2262 quorum(287)

183 2288 287 2353 forma
311 2309 383 2354 cum
409 2288 583 2375 gentiliciis
609 2294 643 2355 et
671 2312 745 2356 cum
771 2289 936 2356 adiectivis
963 2288 1115 2353 affinibus
1136 2286 1354 2370 conspirabat;

185 2395 241 2461 sed
265 2396 408 2481 ipsarum
434 2419 565 2483 quoqne
592 2398 723 2464 urbium
750 2398 882 2465 nomina
907 2398 942 2462 in
968 2397 1100 2483 propria
1120 2396 1250 2461 abeunt.
1292 2392 1355 2458 Hic

185 2503 321 2569 maxime
350 2505 468 2571 iterum
499 2507 690 2572 incensum
720 2507 854 2572 veniunt
880 2505 1084 2571 conditorum
1108 2504 1248 2569 nomina.
1289 2499 1355 2566 Ubi
1372 2503 1421 2556 2⁷⁷

185 2610 349 2675 character
363 2634 429 2678 non
452 2614 611 2695 obstabat,
632 2614 808 2680 conditoris
829 2636 948 2679 nomen
970 2612 1155 2697 saepissime
1176 2611 1217 2677 ad
1238 2630 1357 2675 nomen

186 2717 250 2784 loci
277 2716 400 2785 iactum
427 2722 467 2803 (v.
493 2720 604 2808 Steph.
629 2722 726 2807 Byr).
761 2714 949 2799 Ὄλυνθος,
978 2713 1157 2804 Κάνωβος,
1189 2711 1354 2794 Ἕτεαινός,

190 2818 312 2903 Θάσος,
336 2822 496 2904 Κολωνός
517 2829 609 2912 (Oed
630 2829 698 2896 col.
721 2833 789 2913 48),
807 2821 903 2906 Κίος,
918 2821 1082 2912 Ἄβυδος,
1095 2820 1231 2911 Ἄργος,
1257 2830 1357 2914 Τροι-

187 2927 245 3020 ζήν
266 2932 369 3015 (σιτίου
383 2939 535 3003 accentus
549 2938 577 3002 si
591 2959 658 3002 non
673 2940 825 3002 constans
845 2937 1017 3021 invenitur,
1038 2939 1125 3003 certe
1145 2936 1247 3021 ipsius
1268 2934 1358 3000 urbis

187 3046 340 3108 accentus
354 3042 432 3108 item
447 3044 642 3128 inconstans,
664 3044 704 3109 de
719 3065 783 3128 quo
798 3046 864 3109 iam
879 3044 958 3110 olim
979 3045 1209 3128 dubitabatur).
1245 3041 1357 3127 Steph.

187 3173 212 3218 s.
233 3143 404 3232 Αἱμονίαν
428 3148 467 3217 τὸ
494 3148 532 3216 δὲ
551 3145 690 3234 Κράτων
711 3145 758 3228 ὡς
779 3145 939 3236 Κραννιύν
959 3149 1017 3216 καὶ
1038 3146 1208 3240 Καλοφιύν
1228 3145 1360 3215 πόλεών

187 3255 278 3323 ἐστιν
298 3250 448 3340 ὀνόματα
469 3260 503 3342 (l.
524 3254 613 3324 ἐστιν
634 3251 817 3344 ὁμώνυμα).
852 3260 991 3326 Deinde:
1005 3254 1199 3345 ἐὑρίσκεται
1219 3256 1277 3324 καὶ
1297 3250 1361 3323 πό-

188 3364 280 3431 λεσιν
294 3358 535 3454 ὃμοφωνούντα
548 3358 592 3431 τά
607 3369 675 3431 τῶν
687 3369 826 3433 κτιστῶν
840 3360 1000 3453 ὀνόματα,
1022 3361 1177 3451 Κάμινος
1189 3370 1219 3453 (t
1233 3360 1361 3450 Κάμει-

189 3477 259 3558 ρος)
281 3470 339 3539 uui
363 3469 381 3539 ὃ
402 3472 536 3561 κτιστὴς
554 3471 614 3540 καὶ
631 3466 655 3562 ἦ
676 3478 777 3562 νῆσος
797 3476 890 3560 (baec
909 3478 1008 3543 verba
1028 3481 1086 3543 aut
1106 3476 1190 3543 inira
1211 3476 1362 3563 ponenda

189 3585 265 3667 post
289 3578 427 3666 Λέσβος
450 3588 508 3649 aut
536 3583 589 3648 hic
612 3583 736 3650 insulae
762 3564 881 3651 nomed
914 3585 1055 3667 excidit).
1104 3580 1231 3666 ὁμοίως
1260 3590 1362 3671 Τροι-

191 3682 261 3775 ζήν,
285 3685 465 3780 Κολοφάν,
487 3683 669 3774 Κόρινθος,
692 3693 780 3771 Κῶς,
803 3691 942 3771 Σικυών,
959 3686 1099 3779 Κύρνος,
1114 3688 1262 3777 Λέσβος.
1297 3693 1362 3761 Sed

191 3819 265 3863 cum
278 3802 387 3865 tamen
401 3799 547 3866 locorum
561 3800 747 3866 nominibus
761 3822 820 3868 aaa
840 3802 963 3889 regula
984 3825 1061 3869 suus
1083 3802 1247 3869 character
1268 3805 1362 3883 esset,

191 3906 271 3971 item
293 3906 441 3991 propriis,
462 3928 695 3996 nonnunquam
716 3930 847 3977 necesse
869 3914 939 3975 erat
958 3913 1127 3976 accentum
1148 3910 1300 3994 migrare,
1321 3933 1362 3975 ne

190 4011 257 4094 lex,
283 4013 334 4079 cui
356 4014 494 4082 Gmecae
519 4039 612 4083 aures
638 4020 857 4102 assueverant,
885 4016 1052 4083 deleretur.
1092 4016 1204 4102 Steph.
1229 4011 1363 4083 Aioaiv:

260 4183 298 4225 188
314 4179 442 4236 Dindorf.
463 4183 613 4240 Annum
631 4189 702 4240 597·
720 4186 809 4255 Λυδή,
844 4185 917 4238 Item
937 4180 1081 4238 Bekkerns
1102 4182 1186 4240 schol.
1210 4183 1241 4239 u
1263 4186 1288 4238 Z
1304 4189 1362 4239 200.

192 4265 258 4322 Cod.
275 4265 372 4322 Photii
388 4266 441 4322 lex.
459 4287 480 4323 a.
498 4266 653 4340 άργεῶνες.
681 4268 773 4324 Sebol.
791 4267 883 4339 Apoll
902 4267 953 4322 Rh.
982 4265 1037 4322 Sed
1054 4266 1150 4321 Photii
1167 4266 1234 4323 bibl.
1254 4267 1363 4339 (serr.)

192 4343 280 4422 Λάδη,
297 4354 327 4407 et
344 4351 468 4419 Anthot,
483 4353 567 4409 schot
585 4353 666 4412 Dion.
683 4352 798 4425 Perieg,
816 4351 852 4411 al.

242 4438 497 4494 nummatas
1123 4442 1155 4492 18
