3425 4934
377 346 437 408 340
674 342 706 398 V.
730 341 772 399 De
790 342 894 401 criticis
912 344 1065 401 Aristarchi
1084 344 1246 400 rationibru.

293 504 581 574 (³⁶¹)Aristarchus
608 531 663 576 eos
690 534 814 592 versus,
849 515 905 600 qui
931 514 994 601 ipsi
1020 536 1040 579 a
1065 513 1162 579 solita
1186 517 1302 600 poetae
1327 511 1491 578 alacritate
1517 514 1550 574 et

375 613 493 680 virtute
508 613 688 702 discrepare
705 620 904 700 videbantur,
928 620 1023 688 obelo
1041 622 1173 700 notarit,
1194 621 1227 685 id
1240 619 1318 686 fecit
1339 620 1426 704 quod
1447 640 1549 685 unum

375 722 486 788 critico
512 722 617 790 facere
644 728 804 796 convenit
844 728 941 795 Falsa
966 728 1076 814 opinio
1098 731 1162 807 ast,
1187 732 1289 794 artem
1313 727 1457 792 criticam
1478 747 1549 791 om·

375 831 453 897 nino
468 854 488 896 a
502 833 704 919 singulorum
721 835 841 902 iudicio
863 858 1023 921 nusquam
1043 836 1183 921 pendere
1205 835 1334 902 debere:
1356 834 1453 899 debet
1473 831 1550 918 quia

374 960 441 1004 non
462 939 556 1006 aliter
576 945 697 1027 potest:
719 966 786 1010 non
808 942 903 1010 aliter
923 948 1033 1031 potest
1053 945 1088 1009 in
1109 944 1169 1009 hac
1191 946 1273 1023 arte,
1293 963 1367 1007 cum
1388 962 1549 1025 nusquam

373 1049 479 1131 possit
503 1050 538 1114 iu
563 1051 660 1116 rebus
686 1050 846 1118 humanis.
890 1051 1075 1119 Zenodotus
1102 1052 1158 1136 qui
1183 1050 1341 1118 eiusmodi
1366 1070 1477 1116 versus
1498 1047 1550 1113 vel

375 1153 509 1220 calidius
536 1178 576 1222 cx
601 1161 693 1224 textu
715 1159 809 1225 eiecit
833 1159 886 1225 val
906 1161 1042 1227 mutavit
1063 1160 1215 1226 audacter
1235 1158 1316 1245 egit;
1343 1157 1548 1224 Aristarchus

372 1261 613 1348 relinquens²⁴³
644 1269 677 1331 et
706 1267 801 1353 signo
832 1266 943 1352 aliquo
973 1268 1035 1333 sibi
1061 1289 1129 1333 non
1154 1266 1285 1353 probari
1310 1265 1455 1332 indicans
1480 1285 1548 1329 non

373 1369 440 1451 egit
460 1371 624 1453 audacter,
653 1373 718 1438 imo
745 1396 812 1439 non
832 1378 962 1460 poterat
987 1374 1082 1441 aliter
1102 1375 1165 1441 nisi
1186 1373 1404 1460 negligentiae
1426 1372 1547 1438 crimen

373 1477 531 1543 sustinere
551 1479 690 1548 volebat.
730 1479 815 1547 Illud
841 1482 1025 1569 exemplum
1045 1481 1140 1549 nobis
1161 1482 1352 1547 imitandum
1374 1484 1432 1547 est.
1471 1480 1548 1544 Ari·

372 1584 548 1670 stophsnes
563 1590 596 1652 et
609 1587 815 1655 Aristarchus
834 1612 902 1655 non
922 1590 974 1670 „in
994 1590 1231 1677 elegantiarum
1243 1589 1413 1656 hominum
1434 1592 1548 1653 usum“

373 1692 530 1760 editiones
545 1716 620 1761 suas
634 1697 800 1781 parabant,
821 1698 879 1763 sed
897 1697 1027 1764 scholae
1042 1701 1139 1783 atque
1155 1702 1244 1763 extra
1258 1696 1401 1763 scholam
1415 1695 1547 1762 nemini.

372 1799 491 1867 Schola
511 1824 602 1881 vero,
632 1826 714 1888 quae
736 1805 857 1871 discere
879 1807 962 1885 vult,
993 1827 1054 1872 nec
1075 1805 1159 1871 male
1180 1804 1380 1892 interpositis
1401 1802 1547 1869 versibus

372 1930 479 1975 carere
500 1913 623 1995 potest,
654 1913 739 1978 unde
765 1913 905 1998 plurima
933 1913 1076 1980 (Ιὶοοοιιέὶ
1101 1913 1236 1979 materia
1261 1913 1337 1996 (nisi
1367 1911 1451 1978 forte
1482 1931 1546 1977 uno

305 2026 354 2079 stt
372 2015 513 2083 alterove
536 2017 589 2085 vel
610 2020 805 2086 testimoniis
832 2025 983 2108 suspecto
1004 2020 1056 2088 vel
1083 2025 1173 2089 extra
1199 2021 1334 2086 modum
1354 2020 1466 2104 inepto
1478 2019 1548 2101 ²⁴⁴),

371 2146 431 2190 nec
451 2125 543 2191 malis
564 2126 706 2193 textibus
727 2127 878 2194 innutriri
900 2130 1006 2208 decet,
1034 2151 1133 2214 quare
1155 2127 1323 2194 commode
1344 2128 1380 2193 in
1400 2126 1547 2212 margine

371 2234 527 2319 appositis
541 2234 628 2300 notis
647 2235 847 2316 admonetur,
868 2236 955 2302 etin
978 2235 1128 2302 omnibus
1150 2234 1289 2322 singulis
1311 2236 1392 2301 scire
1413 2236 1549 2300 interest

370 2340 428 2406 ubi
448 2342 604 2427 magistro
631 2343 791 2410 dubitatio
814 2347 900 2422 orta,
928 2344 1054 2409 etiamsi
1075 2342 1151 2409 talis
1173 2344 1216 2409 sit
1236 2347 1274 2408 ut
1293 2342 1416 2429 aliquid
1436 2346 1550 2408 contra

371 2446 475 2514 afferri
490 2451 602 2534 possit.
638 2448 691 2516 Sia
706 2454 741 2517 et
753 2451 866 2516 usibus
881 2450 1011 2519 scholae
1032 2451 1111 2516 satis
1132 2450 1170 2515 fit
1191 2454 1225 2517 et
1246 2450 1276 2517 ei
1297 2472 1380 2537 quae
1401 2450 1548 2516 criticum

286 2554 463 2628 (coudecet
484 2555 671 2644 diligentiae
697 2581 757 2625 nec
784 2563 923 2643 pareunt
948 2581 1031 2646 quae
1059 2559 1195 2625 fortasse
1216 2557 1281 2624 alio
1303 2561 1449 2644 tempore
1469 2579 1548 2642 pro·

370 2664 541 2765 babuntur.
582 2665 682 2732 Modo
704 2687 746 2731 na
766 2666 800 2731 in
821 2666 878 2747 iis,
900 2689 983 2752 quae
1005 2670 1122 2733 natura
1144 2688 1203 2732 sua
1223 2666 1330 2731 minus
1352 2668 1440 2733 certa
1460 2670 1547 2744 sunt

368 2774 465 2837 tenax
487 2777 520 2838 et
535 2773 716 2839 obstinatus
731 2774 782 2839 sit.
820 2773 893 2840 Hoc
907 2797 983 2842 vero
998 2775 1112 2841 vitium
1125 2775 1160 2839 in
1174 2773 1398 2839 Aristarchum
1412 2774 1546 2840 minime

368 2879 464 2948 cadit.
505 2879 542 2946 Id
568 2882 706 2968 primum
733 2883 875 2948 ostendit
900 2884 969 2949 eius
989 2882 1158 2949 fluctuatio
1187 2882 1380 2967 quibusdam
1401 2881 1435 2946 in
1455 2881 1545 2961 locis,

368 2986 424 3051 ubi
446 3009 513 3053 non
534 2989 597 3055 nisi
624 2990 679 3056 diu
700 2990 875 3057 meditatus
896 2990 1065 3057 certiorem
1092 2989 1288 3056 sententiam
1313 2990 1544 3073 pronuntiavit,

366 3094 485 3178 partim
513 3098 705 3163 severiorem
736 3101 774 3165 ut
800 3101 834 3161 Ι(
859 3102 933 3179 398,
968 3099 1026 3165 ubi
1056 3098 1199 3185 primum
1226 3096 1355 3182 punctis
1386 3099 1544 3184 appositis

367 3221 465 3285 quam
485 3225 536 3268 res
558 3205 746 3271 dubitabilis
767 3208 852 3271 esset
870 3205 1033 3289 indicarit,
1053 3210 1169 3291 postea
1182 3209 1240 3271 aut
1253 3204 1372 3270 exemit
1386 3205 1445 3285 (sic
1459 3227 1544 3270 unus

365 3306 423 3374 illo
438 3307 511 3375 loco
525 3315 664 3379 testatur
677 3311 839 3394 Nemesio,
861 3314 917 3399 qui
931 3317 1041 3379 tamen
1061 3313 1282 3399 imprudenter
1302 3312 1429 3378 uidetur
1449 3332 1542 3378 roca·

433 3494 471 3535 ²¹³
486 3493 529 3549 Ns
541 3493 582 3550 ibi
596 3494 710 3565 quidem
721 3494 843 3551 mutavit
853 3496 902 3555 Ar.
919 3495 970 3551 ubi
987 3496 1011 3550 si
1028 3512 1138 3551 versum
1156 3492 1290 3551 exemeris
1308 3494 1464 3551 sententiae
1477 3510 1541 3550 eon·

364 3595 451 3634 nexus
469 3579 585 3637 tollitur.
619 3578 786 3652 Exemplum
804 3584 846 3636 est
861 3601 880 3652 χ
898 3586 939 3637 11.
975 3580 1017 3638 Se.
1036 3578 1086 3635 ubi
1106 3597 1201 3635 versus
1217 3578 1324 3651 spurios
1341 3595 1400 3635 esse
1417 3596 1541 3650 pronun·

363 3663 466 3719 fiamus
482 3663 523 3719 ibi
540 3681 598 3719 non
615 3665 747 3721 contiuuo
767 3664 885 3721 dicimus
902 3665 994 3722 nullos
1012 3665 1096 3721 {trisse
1112 3664 1162 3720 sed
1173 3681 1230 3720 non
1241 3663 1300 3719 hos.
1314 3692 1347 3704 -
1358 3661 1540 3718 Memorabile

364 3750 407 3804 cst
424 3747 500 3818 quod
517 3747 621 3805 dicitur
639 3750 668 3804 Σ
683 3755 734 3806 601
751 3766 785 3804 ex
802 3749 929 3806 versibus
946 3753 1081 3820 quattuor
1096 3749 1194 3805 fecisse
1213 3751 1270 3804 tres
1294 3747 1431 3819 exemptis
1447 3746 1540 3803 verbis

363 3830 437 3903 μετὰ
455 3829 737 3903 &superinducere
755 3837 840 3900 θεῖος
856 3829 960 3901 ἀοιδὸς
976 3837 1132 3909 φορμίζων
1147 3834 1251 3890 Athen.
1270 3833 1296 3889 V
1314 3851 1337 3891 c.
1357 3838 1397 3889 10.

429 3918 468 3960 ²⁴⁴
484 3917 542 3973 llos
559 3917 788 3975 commemorarit
803 3918 834 3975 in
850 3918 1066 3976 commentariis.
1095 3921 1171 3975 1110
1189 3910 1218 3991 (ἦ
1228 3916 1262 3974 δέ
1272 3918 1370 3989 διπλῆ)
1383 3908 1429 3973 ὅτι
1445 3910 1538 3974 ἔνιοι

361 3995 562 4058 ὑποτάσσονοι
583 4004 685 4073 στίχον
706 4007 776 4076 „aba
796 4000 853 4078 γὰρ
875 3995 921 4060 ἐπ’
945 3997 1027 4068 οὗτος
1047 3995 1108 4073 ἐγώ
1132 3995 1220 4058 ddum
1242 4003 1346 4076 ξανθῷ
1365 3995 1538 4076 Maricae

362 4077 477 4156 εὐήθως
491 4078 575 4144 πάνυ.
606 4090 689 4144 1119
705 4089 795 4159 φησὶν
816 4075 1037 4160 έἏρέοτορχος
1058 4077 1104 4144 (ότι
1127 4082 1202 4143 ἔνιοι
1223 4080 1424 4142 matroneum
1440 4079 1537 4159 τούτῳ

361 4162 477 4235 ,,οένεκ’
486 4168 554 4228 luet
564 4190 600 4228 κε
617 4166 720 4243 λάβροι
738 4171 837 4242 πέλωρ
850 4164 912 4242 έχει
922 4163 985 4229 οὐδ’
997 4164 1135 4242 &lauert
1165 4161 1221 4228 cdx
1233 4163 1309 4227 εἶναι
1321 4168 1354 4226 δέ
1366 4170 1536 4241 ἀναγκαῖον,

360 4257 390 4310 Ν
401 4260 450 4312 808
468 4243 497 4328 (ἦ
508 4256 604 4328 διπλῆ)
624 4244 669 4312 dtr
688 4248 854 4325 Ζηνόδοτος
870 4249 1033 4314 bactrianae
1049 4251 1130 4325 ,,λέην
1145 4248 1204 4329 γάρ
1223 4271 1276 4326 σφι
1293 4259 1384 4312 πᾶσιν
1400 4252 1536 4326 ἐκέκριτο

285 4342 288 4345 ’
361 4332 471 4410 θάρσεϊ
485 4340 610 4413 roualt
643 4340 785 4397 τοῦτοδὲ
807 4336 856 4396 ἐπὶ
878 4344 938 4397 τῶν
954 4337 1158 4413 προκειμένων
1180 4340 1326 4410 δηλοῦται.
1359 4340 1409 4394 καὶ
1432 4327 1537 4407 tupr-

363 4439 491 4495 στορχος
506 4425 576 4496 περὶ
587 4429 641 4480 τοῦ
658 4425 760 4495 στίχου
777 4418 872 4491 οὕτως
883 4421 971 4497 λέγει,
990 4411 1036 4481 ὅτι
1052 4422 1086 4482 έν
1098 4430 1162 4490 τοῖς
1178 4424 1383 4495 Ζηνοδοτεέοις
1399 4418 1535 4494 ἐφέρετο.
