3425 4934
349 345 409 407 146
431 338 467 393 Π.
494 337 535 393 De
554 336 731 394 Aristarchea
746 336 948 394 vocabulorum
965 337 1175 394 Homericomm
1191 336 1432 409 interpretatione.

346 501 404 591 νήν
431 498 538 591 εὖρεῖν
563 510 597 571 et
618 499 702 591 ὁμὴ
735 498 918 589 δυνάμενος
936 505 1085 594 μηχανὴν
1111 501 1230 592 εὑρεῖν,
1256 510 1291 570 K
1312 512 1380 575 167.
1414 507 1453 567 Π
1471 510 1521 572 29.

344 614 506 705 014-
530 615 697 699 Πρῶτος
717 614 738 678 i.
761 636 792 699 q.
814 606 976 699 ἀκροςΧ
999 621 1049 684 66.
1086 616 1117 679 Ω
1138 621 1210 683 272.
1250 614 1411 680 Monitum
1434 612 1521 697 quod

347 721 477 805 quidam
503 722 584 788 illud
611 713 719 801 ἀξαντ’
744 718 779 786 ἐν
805 720 926 809 πρώτῳ
952 726 1043 809 ῥυμῷ
1069 725 1114 807 (Ζ
1129 727 1181 807 40)
1202 723 1249 788 ita
1273 724 1463 808 acceperant
1484 724 1521 784 ut

345 849 456 894 currus
471 829 661 897 Homericos
683 829 792 917 plures
813 835 959 897 temones
981 831 1100 897 habere
1122 835 1310 897 statuerent.
1342 829 1389 896 cf.
1407 830 1518 896 Ε729.

345 938 384 999 Π
395 941 464 1005 371.
496 939 665 1007 9411-
686 935 959 1022 Καταθύμιος
980 940 1140 1024 significat
1159 939 1179 1003 i.
1194 961 1224 1025 q.
1241 932 1411 1021 ἐνθύμιος,
1434 931 1517 1000 κατὰ
1532 990 1539 1009 ,

344 1038 471 1131 ψυχήν,
504 1069 583 1127 non,
613 1046 733 1132 inquit,
766 1049 852 1132 quod
879 1048 965 1134 apud
997 1069 1071 1128 nos,
1100 1068 1142 1113 se.
1170 1038 1359 1128 ἀρεστόςθῦ,
1391 1047 1425 1107 Κ
1449 1047 1517 1111 383.

344 1154 376 1215 Ρ
392 1158 463 1222 201.
485 1190 526 1203 -
549 1149 712 1240 Γλαυκή
734 1176 792 1241 pro
814 1156 895 1220 mari
916 1154 1007 1219 nullo
1029 1154 1130 1220 subst
1149 1153 1275 1219 adiecto
1290 1152 1398 1232 semel,
1418 1153 1516 1218 1134.

345 1296 386 1307 -
407 1264 600 1340 Γενναῐος
625 1262 868 1329 memorabilem
901 1262 1172 1349 significationem
1196 1260 1296 1326 habet
1321 1262 1351 1324 E
1373 1264 1447 1343 253,
1474 1280 1517 1323 sc.

344 1363 481 1453 ἐγγενές,
505 1363 658 1456 πάτριον,
679 1363 741 1456 „od
756 1364 819 1455 γάρ
835 1393 898 1453 μοι
917 1373 1066 1453 γενναῖον
1084 1362 1304 1449 ἀλυσκάζοντι
1317 1360 1520 1450 μάχεσθαι.“

343 1513 386 1524 -
399 1468 589 1563 Ἀρτιεπή
595 1501 612 1555 ς
637 1482 676 1543 Χ
693 1483 751 1548 281
776 1470 864 1543 ἀλλά
883 1499 935 1555 τις
956 1470 1118 1565 ἀρτιεπὴς
1132 1474 1190 1543 καί
1212 1471 1400 1552 ἐπίκλοπος
1417 1467 1518 1539 ἔπλεο

343 1577 474 1666 μύθων.
515 1580 669 1653 Notabile
693 1586 756 1652 hoc
776 1586 969 1653 vocabulum
990 1587 1024 1652 in
1045 1587 1205 1672 vituperio
1227 1586 1315 1672 poni.
1356 1577 1435 1663 „tte
1458 1573 1518 1647 οὐκ

344 1686 379 1755 ἐν
395 1686 524 1779 ἐπαίνῳ
546 1687 564 1758 d
588 1686 750 1780 ἀρτιεπὴς
771 1693 855 1760 κατὰ
877 1688 1070 1760 τούναντίον
1088 1698 1138 1780 τῷ
1157 1688 1370 1777 ἀμετροεπεῖ,
1392 1684 1519 1754 ἀλλάὁ

342 1793 447 1877 λάλος
466 1798 525 1865 καί
545 1794 564 1865 ὁ
588 1794 833 1889 ἀπηρτισμένον
854 1803 888 1887 (l
910 1806 983 1885 -ως)
1004 1794 1334 1887 παραλογιζόμενοςα
1356 1796 1409 1885 (τὸ
1438 1790 1517 1880 δόρυ

343 1907 403 1973 del.
429 1907 565 1995 lehre).
615 1911 692 1978 Ood.
718 1911 1042 1998 716.·σημειοι”παι
1071 1905 1109 1974 δὲ
1135 1901 1349 1994 Ἀρίσταρχος
1378 1902 1433 1971 ὅτι
1458 1897 1519 1970 οὐκ

343 2011 402 2082 ἐπὶ
423 2012 563 2083 ἐπαίνου
584 2015 623 2084 τὸ
646 2010 818 2105 ἀριιεπής.
839 2054 881 2068 -
905 2012 1112 2105 Παρήορος
1133 2018 1166 2080 Ψ
1186 2022 1245 2085 663
1268 2010 1287 2082 d
1308 2007 1519 2101 παρηρτημέ-

279 2140 326 2192 147
346 2144 402 2202 νος
430 2120 492 2203 τὰς
517 2120 654 2214 φρένας,
686 2118 746 2194 oda
775 2120 908 2212 ἀραρὼς
938 2119 1017 2192 οὐδὲ
1046 2122 1132 2191 κατὰ
1160 2122 1269 2211 χώραν
1294 2117 1376 2206 ἔχων
1406 2114 1517 2199 αάτάς.

343 2232 389 2300 Of.
410 2237 446 2296 H
471 2240 539 2302 156.
580 2234 630 2301 De
664 2240 771 2320 etymo
798 2235 926 2302 videtur
956 2234 1133 2315 dubitasse,
1161 2255 1236 2299 nam
1266 2226 1518 2318 παρηρτημένος

343 2341 433 2406 ducit
453 2342 494 2407 ad
516 2333 628 2427 ἀείρω,
651 2334 784 2427 ἀραρώς
804 2344 845 2410 ad
868 2336 949 2427 ἀρα.
985 2342 1080 2421 Quod
1101 2342 1218 2408 falsum
1240 2340 1348 2406 eritssl.
1371 2380 1412 2390 -
1435 2341 1518 2401 Πα·

343 2442 536 2532 ροίτερος.
578 2447 768 2517 Notandum
798 2452 838 2517 de
867 2452 939 2517 loco
969 2452 1032 2517 dici
1066 2452 1099 2513 Ψ
1122 2457 1192 2518 459.
1220 2486 1263 2498 -
1291 2439 1518 2528 Θαυμάζειν

342 2578 409 2621 non
430 2560 558 2622 tantum
578 2558 687 2624 mirmi
708 2559 883 2644 significat,
914 2560 971 2625 aed
997 2580 1233 2643 nonnunquam
1254 2557 1274 2622 i.
1297 2578 1328 2641 q.
1350 2556 1514 2629 θεᾶσθαι,

261 2667 375 2740 (150)Β
396 2668 466 2733 320.
496 2665 528 2728 Ω
550 2670 619 2734 394.
649 2668 679 2728 Σ
697 2672 758 2735 496
779 2666 820 2735 cf.
843 2671 879 2731 N
899 2675 946 2735 11.
968 2704 1007 2715 —
1026 2659 1232 2731 Ἀπειλεῑν
1253 2669 1286 2730 et
1306 2662 1432 2749 vulgari
1452 2662 1518 2747 sig·

344 2771 529 2838 nificatione
550 2777 729 2851 atrorem,
752 2777 773 2836 I
792 2779 861 2843 682.
896 2776 929 2838 Ψ
948 2779 1018 2844 863.
1041 2811 1079 2823 -
1106 2766 1311 2853 Είίχεσάαι
1334 2775 1367 2837 et
1387 2770 1519 2856 gloriari

344 2884 377 2945 et
394 2881 518 2967 ordgari
533 2880 777 2965 significatione,
791 2886 825 2945 Ι(
839 2888 909 2951 461.
943 2886 975 2944 (Ι)
991 2888 1059 2950 183.
1075 2888 1145 2949 501.
1161 2918 1202 2928 -
1220 2878 1361 2944 mateze
1375 2877 1516 2963 hospitio

344 2990 496 3074 excipere,
517 2988 574 3054 sed
596 2989 693 3054 etiam
713 2990 838 3075 vulgari
861 2989 1108 3077 significatione,
1130 2992 1161 3051 Γ
1171 2995 1243 3056 207.
1259 2992 1319 3055 354
1342 2978 1516 3074 (φιλότης).

344 3100 376 3157 Ζ
395 3103 443 3164 15.
475 3100 499 3161 Ι
515 3101 585 3163 481.
612 3136 651 3146 -
675 3089 892 3180 Ἀγάσσατο
920 3096 1037 3162 invidit
1066 3100 1100 3163 et
1129 3095 1304 3162 admiratus
1332 3098 1395 3174 est,
1422 3096 1452 3157 P
1469 3100 1517 3159 71.

344 3205 386 3265 Η
393 3209 443 3271 41.
455 3240 498 3251 -
510 3196 689 3268 Ἀκούειν
703 3209 736 3271 et
748 3204 859 3271 audire
874 3209 907 3270 et
921 3204 1152 3289 obtemperare,
1165 3199 1356 3267 ὑπακούειν.
1378 3200 1518 3279 Quibus·

344 3311 417 3376 dam
437 3311 517 3376 locis
545 3314 654 3377 utrum
678 3312 816 3378 voluerit
837 3316 934 3398 poeta
954 3333 1013 3397 pro
1037 3315 1125 3377 certo
1155 3312 1217 3377 dici
1243 3311 1364 3395 nequit
1408 3311 1446 3390 Ρ,
1456 3315 1516 3375 245

344 3420 417 3506 (sed
437 3418 537 3485 schol.
562 3419 602 3484 ad
623 3420 691 3486 1121.
713 3442 779 3486 non
802 3425 852 3487 est
865 3420 1068 3504 Aristonici).
1106 3418 1229 3485 Eadem
1251 3417 1410 3484 dubitatio
1432 3416 1518 3480 cadit

343 3526 377 3591 in
403 3526 506 3607 Θ97,
535 3527 591 3592 ubi
617 3527 778 3594 laboranti
799 3527 932 3595 Nestori
958 3531 996 3593 ut
1023 3528 1193 3593 subveniat
1213 3525 1340 3593 Ulixem
1366 3523 1516 3588 hortatur

343 3634 530 3701 Diomedes:
560 3625 606 3711 ἀίς
630 3628 724 3721 i'qena'
754 3629 828 3701 οὔδ’
857 3630 1019 3701 ἐσάκουσε
1044 3630 1213 3710 πολίτλας
1239 3632 1311 3710 δῖος
1330 3624 1515 3710 Ὀδυσσεύς,

344 3734 433 3807 ἀλλὰ
448 3735 619 3828 παρήϊξεν.
653 3741 770 3810 Utrum
783 3766 850 3810 non
865 3744 988 3810 audivit
1009 3747 1140 3830 propter
1156 3742 1330 3809 tumultum
1351 3756 1392 3806 an
1414 3739 1520 3806 noluit

411 3980 436 4023 8⁰
453 3978 513 4034 Nec
529 3998 547 4048 χ
566 3981 615 4035 392
632 3975 663 4030 id
680 3975 828 4047 signifieat.

337 4088 339 4093 ·
411 4067 436 4108 17
454 4062 637 4119 Reimnittins
649 4061 685 4116 de
697 4061 768 4118 decl.
779 4078 882 4132 graeca
898 4081 926 4134 p.
940 4067 988 4118 137
1006 4061 1156 4131 antiopae
1174 4059 1239 4115 duci
1256 4058 1318 4115 vult
1334 4061 1371 4116 ab
1388 4052 1451 4132 ἀήρ.
1480 4062 1518 4113 At

344 4164 430 4217 qnam
448 4148 538 4204 multa
554 4147 614 4203 viro
632 4146 716 4201 docto
733 4147 918 4217 ponderanda
936 4150 1017 4202 erant
1035 4149 1186 4215 antequam
1203 4146 1257 4201 hoc
1274 4148 1399 4217 poneret
1416 4147 1449 4199 nt
1465 4144 1516 4198 hoc

343 4231 437 4303 ipsum
458 4236 623 4305 παρήορος,
650 4247 685 4286 ne
711 4230 802 4286 dicam
829 4235 971 4304 τιμήορος
996 4229 1084 4302 (qnod
1104 4246 1123 4284 a
1144 4230 1224 4287 lance
1244 4231 1366 4302 petitum
1389 4229 1517 4297 videtur),

344 4317 446 4372 deinde
462 4318 634 4388 μετάρσιος,
655 4315 732 4384 quod
754 4318 829 4373 certe
853 4332 911 4372 non
929 4316 966 4371 ab
984 4308 1039 4387 ἀγρ
1057 4314 1123 4381 erit,
1145 4318 1176 4371 et
1193 4307 1289 4387 αἰώρα
1305 4315 1421 4385 (Iacobs.
1439 4313 1515 4369 lectt.

345 4401 422 4458 Stob.
438 4420 466 4472 p.
485 4405 537 4475 20).
