3425 4934
454 305 478 361 1.
507 301 550 360 De
566 319 634 376 egro
650 300 770 361 Troiano
788 305 818 359 et
835 296 931 361 ordine
948 300 1070 361 nuvium.
1284 311 1342 378 221

177 470 228 539 Ex
254 473 305 538 his
331 472 435 558 prime
456 475 489 537 et
510 476 625 557 quarto
643 472 763 539 solutio
785 474 819 538 in
841 473 1079 539 commentariis
1100 473 1177 551 fuit,
1206 473 1346 538 secundo

178 584 213 645 et
232 579 329 645 tertie
349 601 388 644 ex
409 579 626 645 conviviorum
648 579 817 665 colloquiis
836 578 999 645 fluxerunt
1016 583 1049 645 et
1063 580 1115 646 vel
1126 579 1346 646 Alexandrino

177 686 236 752 illo
268 685 434 753 Thesauro
466 685 698 764 Quaestionum
724 686 1009 754 Grammaticorum
1036 688 1086 753 vel
1117 686 1347 773 discipulorum

178 793 334 859 memoria
355 797 498 859 servatae
520 798 605 860 sunt.
640 793 817 880 Utrumque
839 817 909 861 esse
930 794 1081 872 iocosam,
1102 794 1194 861 focile
1215 798 1348 883 apponet

179 901 214 965 in
234 900 422 966 Aristarcho
443 902 474 986 (ἓ
497 905 542 984 3);
563 903 658 967 tertis
678 903 781 969 facete
803 924 841 968 ex
863 925 924 969 usu
945 902 1100 987 loquendi
1120 902 1271 987 repetite,
1296 924 1347 968 se·

180 1007 285 1073 cundo
306 1008 346 1073 ad
368 1007 516 1073 acerbam
537 1010 761 1093 quaerentium
780 1010 962 1076 irrisionem
983 1010 1076 1077 fecte.

710 1428 753 1505 O.
779 1429 825 1504 V.

498 1594 749 1682 OEwroyropdica
769 1608 799 1660 et
815 1594 1033 1682 qeoyrophc‘eu.

264 1762 284 1844 ἕ
309 1768 334 1827 1.
366 1760 416 1826 De
441 1781 520 1846 egro
543 1760 684 1827 Troiano
713 1764 747 1827 et
772 1760 884 1826 ordine
913 1761 1043 1827 navium
1064 1760 1258 1828 Graecorum
1283 1764 1350 1848 pri·

182 1889 272 1932 mum
289 1866 402 1945 dicem,
425 1869 512 1951 quod
530 1869 569 1933 de
583 1867 646 1933 hoo
660 1867 799 1953 plurime
820 1871 946 1934 servato
966 1871 1043 1933 sunt
1055 1868 1246 1956 fragmento,
1268 1892 1351 1955 quae

183 1974 329 2058 alioquin
350 1975 385 2039 in
405 1975 467 2040 hoc
487 1965 591 2061 capite
610 1998 683 2041 rere
702 1976 915 2042 inveniemus:
940 1997 1022 2061 quoe
1042 1975 1223 2062 fragmenta
1240 1982 1352 2043 notam

183 2081 248 2147 iam
269 2080 363 2146 nobis
385 2083 585 2168 grammatici
606 2083 764 2148 rationem
785 2083 838 2149 hic
861 2103 990 2168 quoque
1011 2084 1230 2168 praestabunt.
1343 2146 1347 2152 .

268 2187 340 2266 Quo
368 2189 479 2255 ordine
501 2212 598 2256 noves
620 2190 814 2257 Graecorum
835 2194 911 2255 ente
931 2188 1063 2257 Troiam
1085 2190 1261 2257 collocatae
1280 2191 1352 2257 fue-

184 2294 251 2360 rint
275 2298 308 2360 et
336 2296 436 2381 (quod
461 2319 534 2363 eum
563 2319 602 2364 eo
628 2302 715 2363 arcte
736 2298 945 2363 coniunctum
965 2300 1026 2380 est)
1048 2298 1087 2363 de
1107 2320 1187 2385 egro
1209 2298 1350 2366 'l'roiono
1363 2300 1434 2371 (230)

186 2401 432 2489 diligentissime
464 2405 621 2490 quaesivit
652 2409 766 2491 etque,
796 2410 835 2471 ut
864 2405 1004 2486 videtur,
1034 2405 1145 2472 tabule
1170 2406 1352 2473 illustravit

185 2512 276 2577 1153
298 2505 351 2576 ὅτι
376 2505 414 2575 ἐκ
437 2505 564 2578 τούτων
589 2510 647 2578 καί
670 2504 916 2577 τῶντοιούτων
936 2508 979 2577 τὰ
1006 2509 1163 2596 περὶτοῦ
1184 2506 1354 2581 ναυστάθ-

184 2639 250 2699 μου
276 2609 526 2704 ὃἈρίσταρχος
550 2613 853 2706 ἐπραγματεύσατο.
895 2621 1000 2707 ῥητῶς
1024 2618 1087 2706 γὰρ
1116 2616 1248 2705 λέγουαι
1268 2622 1355 2711 πλη-

185 2720 260 2790 σίον
284 2727 344 2790 τοῦ
365 2719 519 2806 Αἴαντος
549 2722 568 2793 ὁ
594 2721 776 2811 Ἰδομενεὺς
799 2723 1063 2815 νενιωλκηκέναι.
1110 2729 1158 2799 of.
1187 2737 1245 2799 112
1271 2728 1357 2816 πρὸς

185 2829 228 2897 τὰ
249 2830 326 2916 ιιορί
344 2837 404 2901 τοῦ
426 2828 652 2917 ναυστάθμου,
676 2831 730 2903 ὅτι
743 2829 887 2923 πλησίον
905 2828 1119 2919 ὃἸδομινοὺς
1131 2830 1284 2915 Αἴαντος
1296 2839 1356 2903 τοῦ

191 2936 405 3025 Τελαμωνίου
432 2936 674 3030 ἐνενεωλκήκει.
714 2947 829 3013 11110
856 2937 889 3031 (ἡ
914 2942 1033 3032 διπλῆ)
1059 2938 1113 3011 ὅτι
1133 2938 1276 3032 πλησίον
1296 2948 1356 3011 τοῦ

188 3053 327 3136 Λοκροῦ
339 3043 492 3127 Αἴαντος
510 3045 529 3116 ὁ
547 3048 665 3138 Μέγης
685 3045 919 3139 ἐντνεωλκήκει
934 3087 981 3120 -.
1002 3046 1022 3139 ἡ
1048 3048 1085 3116 δὲ
1102 3042 1358 3139 άναφοράντρὸς

186 3154 245 3223 τὸν
265 3158 298 3243 (l.
320 3156 375 3243 τὰ)
396 3154 454 3224 ἐπὶ
476 3155 569 3246 (περὶ
590 3181 670 3225 corr.
690 3158 799 3226 oens.
820 3183 870 3246 ap.
892 3159 1127 3227 Friedlaender.
1149 3179 1180 3245 p.
1204 3159 1279 3245 173>
1298 3161 1358 3226 τοῦ

187 3259 413 3349 ναυστάθμου.
454 3272 493 3334 Λ
521 3274 541 3336 6
566 3263 599 3353 (ἡ
623 3266 742 3355 διπλῇ)
768 3266 853 3352 πρὸς
877 3266 920 3333 τὰ
945 3263 1023 3352 πυρί
1046 3270 1107 3332 τοῦ
1127 3262 1355 3349 ναυστάθμου,

189 3368 243 3441 ὅτι
268 3369 304 3439 ἐν
331 3371 423 3461 μέσην
450 3374 511 3453 τὰς
534 3378 594 3440 τοῦ
612 3368 805 3454 Ὀδυσσέως
825 3370 1042 3453 ὑποτίθεται,
1066 3368 1119 3462 ἐφ’
1142 3369 1298 3460 ἑκατέρου
1322 3371 1358 3439 δὲ

189 3476 328 3567 κέρατος
346 3479 407 3561 τὰς
425 3475 603 3563 Ἀχιλλέως
624 3479 682 3548 καί
702 3474 862 3560 Αἴαντος.
899 3482 985 3549 Hinc
1006 3483 1182 3550 iudicatum
1203 3482 1243 3550 de
1263 3505 1358 3549 versu

194 3592 220 3653 B
242 3596 303 3659 558
329 3593 430 3677 στῆσα
455 3583 487 3655 δ’
511 3584 600 3675 άγων
628 3583 669 3656 ἵν)
695 3584 889 3677 Ἀθηναίων
914 3591 1045 3656 ἵσταντο
1071 3584 1249 3677 φάλαγγος.
1283 3590 1357 3657 Vid

190 3700 222 3760 Γ
239 3704 299 3767 230
321 3691 353 3784 (ἡ
379 3697 496 3785 διπλῆ)
518 3694 572 3764 ὅτι
592 3692 736 3783 πλησίω
758 3694 777 3765 ὁ
795 3692 979 3781 Ἰδομενεὺς
998 3690 1151 3775 Α’ίαντος
1170 3701 1231 3764 τοῦ
1251 3695 1358 3761 Telo-

189 3801 315 3888 μωνίου
337 3798 492 3872 ἐτάσσετο
520 3808 593 3891 (ins.
614 3804 684 3889 καὶ)
712 3803 797 3871 κατὰ
817 3803 879 3893 τὴν
900 3801 1109 3893 ίντινιαίλησιν
1130 3806 1175 3888 (Δ
1192 3811 1263 3874 251.
1284 3809 1358 3889 273)

190 3909 383 4004 συμφώνως.
412 3911 635 4002 παραιτητέον
657 3907 722 4000 άρα
743 3910 870 3980 ἐκεῖνον
889 3910 945 3979 τὸν
966 3910 1077 3995 στίχον
1096 3911 1155 3980 τὸν
1174 3908 1210 3978 ἐν
1229 3915 1278 3999 τῷ
1297 3935 1360 3977 κα-

189 4017 320 4110 ταλόγῳ
341 4017 409 4088 ὑπό
430 4046 527 4088 τινων
548 4018 759 4109 γραφόμενον
780 4025 902 4109 »στῆσε
923 4030 1001 4073 -“·
1024 4013 1063 4088 οὗ
1085 4018 1147 4107 γὰρ
1168 4010 1254 4108 ἦσαν
1271 4019 1358 4107 πλη-
1375 4027 1425 4079 225

190 4126 264 4198 σίον
284 4123 437 4209 Λίουιος
446 4125 637 4219 Ἀθηναῖοι.
665 4129 718 4195 Ad
738 4131 771 4194 Δ
788 4135 849 4198 273
871 4123 905 4216 (ἡ
923 4129 1040 4218 διπλῆ)
1058 4124 1111 4196 ὅτι
1131 4120 1261 4217 ἡτάξις
1274 4118 1360 4193 'Ido-

189 4237 317 4326 μενέως
342 4235 486 4328 πλησίον
506 4232 671 4318 Αἴαντος,
695 4234 778 4321 πρὸς
798 4234 876 4316 τοὺς
895 4230 1148 4313 ὕνιοτάσσοντας
1165 4238 1236 4314 τοῖς
1252 4227 1361 4322 Ἀθη-

190 4347 300 4429 ναίοις
326 4347 385 4415 τὸν
414 4344 636 4433 Τελαμώνιον.
659 4386 699 4396 -
724 4347 827 4412 Porro
853 4348 882 4412 Θ
903 4353 964 4416 223
995 4343 1080 4431 πρὸς
1104 4342 1164 4432 τὴν
1187 4336 1282 4425 τάξιν
1302 4346 1362 4430 τῆς
