3425 4934
386 347 444 416 194
566 343 613 400 111.
635 339 676 400 De
697 335 853 401 Aristarchi
869 337 986 402 seientia
1003 339 1181 414 antiquitatis
1197 339 1369 402 Homericae.

381 506 400 577 ό
426 504 533 589 τόπος
557 505 623 592 ἔχει
651 507 697 589 ώς
721 503 871 598 τετρώρῳ
900 506 1023 596 ῦρματι
1047 507 1224 597 χρωμένων
1250 514 1316 578 τῶν
1335 503 1467 600 ἡρώων·
1496 509 1553 578 καί

380 616 441 704 γὰρ
460 614 549 704 λέγει
563 616 648 698 „aiv
663 611 695 684 δ’
713 611 841 706 ἐλατῆρ’
863 610 961 706 ἀφίει
976 612 1184 705 ἀκαχήμενον
1202 618 1353 685 ἵππωννν.
1386 615 1554 700 ἐνδέχεται

380 722 418 791 δέ
432 720 499 792 δύω
515 721 699 811 συνωρίδας
717 723 774 792 ἐπὶ
786 725 844 792 τὸν
866 718 980 810 ἀγῶνα
1000 728 1247 810 πεπορεῦσθαι,
1269 720 1318 814 μη’
1339 750 1373 792 τι
1393 725 1472 812 περὶ
1490 725 1552 813 την

379 828 493 918 ἑτέραν
510 829 654 922 γένηται,
678 826 840 921 είρησθαι
863 831 900 899 δέ
918 832 1002 913 ,,τδν
1024 826 1155 920 ἐλατῆρ’
1179 827 1303 924 ἀφίεια
1324 834 1552 921 συλληπτικεῦς

296 940 437 1016 (197)τδν
463 937 623 1029 ἑκατέρας
642 938 804 1029 ἐλατῆρα,
834 934 882 1021 ώς
903 933 1129 1032 ,ἀμφίπολος
1155 933 1187 1006 δ’
1211 935 1277 1027 ἀρα
1299 937 1332 1009 οἱ
1352 941 1449 1030 κεδνὴ
1473 938 1550 1010 ἑκό-

377 1054 478 1138 τερθε
503 1046 677 1138 παρέστη“
704 1052 741 1135 (α
762 1054 848 1135 335)·
878 1043 916 1114 ού
945 1043 1008 1132 μία
1034 1044 1092 1115 ἐπὶ
1117 1041 1316 1139 ἀμφοτέρων
1340 1055 1404 1115 τῶν
1427 1053 1546 1135 μερῶν,

378 1153 451 1226 ἀλλ’
468 1154 677 1240 ἑκατέρωθεν
690 1151 764 1241 μία.
801 1150 834 1222 σί
849 1152 887 1222 δέ
908 1148 953 1234 ώς
970 1155 1181 1236 Ποσειδῶνος
1201 1151 1273 1224 υίὸν
1293 1153 1443 1245 τετρώρην
1465 1156 1549 1248 φασί

375 1270 541 1354 χρῆσθαι·
562 1266 683 1342 ἵππιος
703 1262 765 1349 γὰρ
788 1257 807 1330 ὁ
829 1261 919 1342 θεός.
957 1262 1093 1347 (Ultima
1107 1258 1140 1329 οὶ
1155 1261 1192 1329 δέ
1205 1265 1259 1332 vix
1272 1265 1449 1333 Aristonici
1463 1271 1547 1335 aunt.

376 1376 547 1442 Praeterea
567 1377 635 1440 noi.
658 1372 746 1459 quod
766 1372 923 1459 Porphyr.
942 1372 983 1437 ad
1008 1373 1037 1436 Θ
1061 1377 1118 1440 185
1145 1373 1183 1439 de
1212 1396 1307 1440 versu
1331 1369 1487 1458 τέσσαρες
1506 1409 1545 1419 -

375 1477 591 1548 ύπώπτευται
618 1473 664 1557 ώς
689 1472 808 1546 νόθονι
841 1479 1002 1562 σαὶοειαθ)
1036 1477 1208 1546 Praeterea
1232 1480 1366 1547 nomina
1390 1503 1546 1567 equorum

377 1613 416 1658 ex
436 1589 508 1656 aliia
528 1588 610 1655 locis
633 1588 801 1673 desumpta
821 1591 907 1657 aunt.
950 1591 982 1649 T
998 1592 1059 1655 400
1080 1583 1196 1655 Ξάνθε
1214 1609 1251 1651 τε
1272 1585 1329 1653 καί
1349 1583 1467 1666 Βαλίε,
1488 1612 1545 1675 τη-

376 1695 516 1765 λέκλυτα
529 1692 627 1762 τέκνα
641 1690 834 1780 Ποδύργηςε
855 1687 1068 1781 σημειοῦνταί
1079 1715 1166 1771 τινες
1180 1689 1410 1761 ότιέντεῦθεν
1429 1689 1450 1784 ἡ
1475 1695 1545 1762 δια-

374 1803 472 1892 σκευὴ
495 1806 554 1870 τοῦ
574 1796 767 1887 τεθρίππου
787 1795 974 1887 πεποίηται
994 1793 1138 1880 ,Ξάνθε
1157 1824 1193 1867 τε
1215 1799 1271 1868 καί
1291 1801 1331 1868 σύ
1354 1796 1544 1889 Πόδαργενν.

378 1916 411 1978 Ψ
430 1919 490 1982 295
512 1904 634 1998 Αἴθην
653 1909 714 1998 τὴν
731 1903 998 1996 Ἀγαμεμνονέην
1015 1902 1073 1975 τόν
1094 1901 1150 1976 ἑόν
1170 1930 1206 1974 τε
1226 1901 1422 1996 Πόδαργσνε
1446 1905 1467 1998 ἡ
1492 1910 1545 1976 δι-

374 2019 446 2107 πλῆ
467 2015 521 2087 δτι
543 2017 696 2085 ἐντεῦθεν
717 2010 917 2104 παρηίδηται
943 2013 985 2081 τά
1008 2008 1157 2099 ὀνόματα
1176 2012 1411 2103 τιῦν.Ἕκτορος
1430 2017 1545 2083 ἳππων

376 2122 503 2195 Αἴθων
523 2124 582 2193 καὶ
600 2120 794 2211 Πόδαργος·
816 2115 855 2190 οῦ
878 2120 940 2208 γὰρ
962 2116 1089 2209 εἰσάγει
1108 2120 1259 2212 τετρώρῳ
1274 2120 1472 2212 χρωμένους.

455 2235 496 2304 11.
518 2240 557 2300 Η
576 2240 634 2304 331
657 2256 727 2319 sqq.
749 2231 871 2300 Nestor
892 2232 933 2299 ad
953 2232 1231 2318 Agamemnonem

495 2345 544 2429 τῷ
563 2363 601 2408 σε
620 2337 680 2429 χρὴ
701 2333 851 2424 πόλεμον
871 2336 932 2424 μέν
953 2332 1009 2424 ἀμ’
1031 2332 1092 2426 ἠοῖ
1110 2342 1241 2406 παῦσαι
1257 2332 1412 2422 Ἀχαιῶν,

496 2443 591 2516 αὐτοὶ
613 2442 645 2515 δ’
669 2441 849 2535 ἀγρόμενοι
870 2442 1077 2534 κυκλήσομεν
1098 2443 1222 2515 ἐνθάδε
1242 2445 1377 2533 νεκρούς

494 2553 592 2643 βουσὶ
611 2552 668 2621 καί
688 2547 896 2643 ἡμιόνοισιν·
919 2549 1003 2641 ἀτὰρ
1025 2552 1245 2639 κατακείομεν
1265 2548 1386 2634 αὐτοῦς

413 2671 474 2736 334
494 2663 619 2731 τυτθὸν
640 2656 778 2749 ἀποπρὸ
800 2666 892 2742 νειῦν,
916 2659 963 2743 δίς
983 2656 1011 2730 κ’
1035 2656 1135 2732 ὀστέα
1156 2661 1273 2730 παισὶν
1292 2658 1431 2742 ἕκαστος

412 2780 473 2843 335
496 2764 608 2840 οἴκαδ’
633 2764 706 2859 iim,
729 2763 777 2840 ὅτ’
801 2762 844 2836 ίίν
866 2761 943 2837 αύτε
963 2764 1121 2855 νεώμεθα
1142 2767 1290 2857 πατρίδα
1310 2774 1418 2858 γαῖαν.

493 2873 617 2964 τύμβον
639 2873 671 2946 δ’
695 2872 785 2970 ἀμφὶ
806 2876 914 2967 πυρὴν
935 2874 994 2946 ένα
1013 2872 1152 2964 χεύομεν
1172 2875 1385 2966 ἐξαγαγόντες

495 2982 629 3073 ἀκριτον
649 2983 686 3053 ἐκ
705 2980 841 3053 πεδίου·

371 3100 441 3165 334.
463 3101 523 3165 335
542 3089 744 3161 ἀθετοῦνται
759 3088 811 3160 ὅτι
833 3088 873 3161 ού
896 3092 955 3161 διὰ
974 3096 1073 3163 τοῦτο
1093 3089 1258 3175 ἐκαίοντο,
1283 3090 1377 3174 ὅπως
1395 3093 1438 3161 τὰ
1459 3089 1541 3162 ὀστᾶ

370 3196 588 3286 κομίσωνται,
616 3193 703 3267 ἀλλὰ
729 3200 906 3290 συνηθείᾳ·
934 3200 991 3268 καί
1017 3201 1080 3289 γὰρ
1106 3197 1139 3270 οἱ
1162 3199 1220 3269 ἐπὶ
1240 3206 1299 3291 τῆς
1319 3197 1410 3282 ἰδίας
1431 3203 1541 3269 τελευ-

367 3312 486 3388 τῶντες
499 3305 662 3378 ἐκαίοντο.
698 3305 850 3375 καθόλου
866 3299 925 3376 οῦν
941 3299 1012 3377 οέδε
1026 3308 1105 3397 πυρί
1119 3308 1318 3395 καιομένους
1336 3309 1414 3390 τοῦς
1432 3304 1541 3378 πύλαι

368 3415 425 3484 καί
456 3413 605 3484 ἐνταῦθα
636 3414 835 3501 τιθεμένους
860 3413 948 3487 ὅπου
979 3415 1036 3484 καί
1068 3414 1289 3507 ἐτελεύτησαν.
1333 3414 1540 3486 ἐναντιοῦται

369 3526 474 3612 <quod
487 3526 584 3594 tacite
597 3527 736 3594 correxit
748 3549 807 3614 pro
829 3521 1071 3614 ἐναντιοῦνται)
1093 3523 1130 3593 δέ
1149 3526 1207 3594 καὶ
1226 3526 1268 3593 τὰ
1292 3522 1368 3614 ἑξῆς
1389 3522 1540 3613 ,τύμβον

369 3627 400 3700 δ’
419 3626 509 3724 ἀμφὶ
522 3632 631 3723 πυρὴν
651 3627 787 3722 ἀκριτσν
808 3630 845 3701 ἐκ
868 3630 1024 3714 πεδίουῑῑ,
1048 3627 1300 3723 ἀδιαχώριστον,
1322 3628 1536 3716 ἀδιάστατον,

366 3737 515 3808 τουτέστι
528 3734 768 3828 πολυάνδριον·
790 3747 862 3822 πῶς
881 3734 940 3810 οῦν
960 3738 1034 3825 ,μῦς
1052 3734 1080 3808 κ’
1098 3734 1199 3811 όστέα
1221 3738 1338 3809 παισίν
1360 3737 1539 3823 ἕκαστος’,

302 3869 350 3922 197
449 3851 523 3918 Huc
543 3851 720 3938 portinent:

366 3960 398 4023 A
414 3966 473 4027 174
487 3955 545 4025 σέο
564 3953 596 4025 δ’
613 3953 714 4026 ὀστέα
732 3951 830 4024 πόσει
846 3951 973 4044 ἀρουρα
991 3954 1146 4044 κειμένου
1168 3956 1204 4027 δν
1227 3953 1347 4047 Τροίηε
1367 3950 1400 4046 (ἡ
1419 3957 1537 4046 διπλη)

366 4059 420 4131 ότι
439 4069 506 4130 τών
532 4063 590 4132 έπί
618 4062 711 4153 ξένης
735 4059 959 4132 τελευτώντων
987 4060 1049 4134 οῦκ
1075 4060 1296 4152 ἀπεκομίζετο
1324 4064 1366 4132 τὰ
1388 4059 1470 4133 ὀστᾶ
1491 4060 1539 4144 είς

364 4168 426 4251 τὰς
445 4167 619 4260 πατρίδας.
654 4166 714 4241 σῦκ
736 4165 961 4262 ἀραὉμήροο
984 4171 1053 4242 ἐστὶ
1071 4178 1176 4242 ταῦτα
1197 4170 1271 4255 ,μῦς
1290 4167 1319 4241 κ’
1335 4167 1436 4241 όστέα
1457 4197 1538 4240 παι·

364 4275 417 4346 σίν
438 4275 578 4360 ἕκαστος
599 4274 709 4348 οἴκαδ’
738 4274 815 4370 ἀγη,
838 4274 885 4349 δι’
910 4275 950 4348 ἀν
976 4273 1054 4350 αῦτε
1075 4277 1280 4368 νεώμεθαίῑ..
1304 4285 1411 4352 Σ332
1433 4274 1537 4349 αὐτοῦ

282 4394 354 4466 (198)
366 4390 446 4472 γαῖα
467 4386 626 4471 καθέξετε
651 4383 685 4478 (ἦ
709 4388 827 4478 διπλη)
849 4386 904 4457 δτι
926 4384 986 4459 σύκ
1009 4385 1218 4476 ἀπεκόμιζον
1239 4389 1280 4457 τά
1302 4384 1385 4458 όστᾶ
1399 4393 1462 4456 τών
1482 4413 1537 4456 τε·
