3425 4934
556 1118 858 1236 Dissertatio
896 1120 933 1231 I.

318 1350 384 1431 De
408 1349 598 1432 fontibus
629 1348 845 1431 doctrinae
875 1348 1178 1430 Aristarcheae.

700 1684 742 1760 G.
768 1687 798 1761 Ι.

428 1849 607 1916 Ambtomce'
622 1851 700 1916 leber
721 1850 759 1915 de
779 1851 863 1916 actia
882 1847 1072 1914 Arabtarcti.

247 2041 267 2124 ἕ
291 2048 317 2106 1.
348 2037 587 2120 Quaestionum
610 2064 690 2127 quas
711 2041 751 2107 ad
765 2040 992 2125 antiquitatem
1005 2038 1228 2104 illustrandam
1242 2038 1335 2103 insti-

161 2148 301 2226 tuimus,
323 2146 429 2212 nullae
452 2147 661 2227 difficiliores,
681 2148 790 2214 nullae
812 2152 863 2213 tot
883 2145 1121 2232 impedimentis
1143 2147 1336 2225 obstructae,

164 2276 351 2340 quamquae
363 2255 693 2322 solisscholiastamm
700 2253 1170 2344 grammaticorumquelitteris
1178 2255 1336 2319 nituntur.

162 2361 250 2427 Nam
271 2384 345 2427 cum
361 2385 537 2449 perpaucas
558 2369 646 2430 aetas
667 2365 744 2430 tulit
764 2365 917 2450 integras,
940 2367 1011 2428 tum
1030 2362 1335 2446 antiquissimorum,

164 2470 251 2536 unde
276 2469 312 2535 hi
337 2470 532 2555 posteriores
559 2495 616 2537 sua
637 2474 775 2539 mutuati
797 2476 886 2551 sunt,
906 2474 1076 2557 praecepta
1098 2473 1130 2534 et
1150 2469 1337 2534 testimonia

30 2590 34 2641 t
163 2577 282 2663 partim
306 2600 364 2662 per
388 2578 619 2663 discipularum
647 2603 703 2646 ora
727 2580 846 2646 tradita
871 2579 974 2661 fuere,
1001 2578 1118 2663 partim
1139 2576 1263 2642 incuria
1283 2576 1335 2642 de·

163 2685 262 2764 flexa,
291 2685 409 2769 partim
436 2687 533 2752 etiam
558 2687 670 2773 inique
693 2688 831 2767 detorta,
855 2687 973 2773 partim
993 2686 1108 2751 inscite
1129 2683 1181 2750 vel
1202 2684 1337 2749 adaucta

31 2822 35 2881 g
164 2792 217 2857 vel
245 2792 410 2859 decurtata
434 2795 647 2878 reperiuntur.
699 2794 804 2873 Quare
830 2817 904 2860 cum
929 2816 1054 2859 summa
1078 2794 1113 2856 in
1135 2792 1198 2856 boc
1220 2813 1337 2877 genere

166 2922 248 2985 opus
274 2901 318 2965 sit
342 2902 504 2980 cautione,
531 2924 572 2967 ne
600 2903 760 2969 erroribus
782 2902 834 2968 vel
854 2900 1028 2967 mendaciis
1048 2900 1181 2966 testium
1202 2899 1337 2964 circum·

164 3009 346 3087 veniamur,
372 3010 442 3073 tum
469 3010 508 3075 de
533 3009 720 3075 Aristarcho
748 3011 878 3087 dicturi,
908 3010 999 3075 cuius
1025 3029 1143 3073 nomen
1170 3029 1242 3072 cum
1268 3007 1339 3092 ipsa

166 3137 268 3200 paene
291 3115 402 3181 critica
422 3116 664 3202 aequiparatur,
688 3120 779 3203 quasi
801 3140 911 3184 severo
933 3116 1092 3181 monitore
1114 3115 1161 3179 uti
1183 3114 1336 3193 videmur,

166 3223 301 3308 nequid
322 3224 451 3308 grauiam
470 3224 504 3288 in
528 3246 565 3289 ea
587 3229 655 3291 arte
676 3247 853 3311 peccemus.
891 3224 981 3310 Ergo
1004 3223 1188 3307 disputandi
1209 3222 1337 3287 initium

165 3331 240 3395 inde
261 3330 366 3396 facere
388 3332 492 3396 visum
513 3337 550 3398 ut
570 3334 715 3411 testium,
743 3333 853 3418 quiin
873 3334 934 3398 hac
957 3330 1144 3416 quaestione
1165 3328 1338 3396 adhibendi

167 3440 254 3517 sunt,
280 3439 377 3504 fidem
405 3443 438 3505 et
466 3439 665 3527 diligentiam
692 3445 838 3506 accurate
867 3438 1078 3525 exploremus.
1125 3437 1170 3502 Et
1199 3437 1337 3523 primum

168 3545 298 3628 quidem
321 3545 430 3611 locum
451 3547 573 3613 scholia
594 3548 767 3614 Homerica
788 3549 851 3615 sibi
871 3546 1047 3633 postulant.

250 3653 359 3719 Codex
380 3653 575 3720 scholiorum
597 3654 742 3722 Venetus
763 3656 802 3738 A,
824 3678 888 3741 quo
910 3654 1049 3741 primum
1069 3652 1121 3718 his
1144 3652 1182 3718 de
1197 3653 1339 3717 Alexan·

34 3774 38 3795 ¹
167 3760 258 3825 drina
280 3761 488 3846 grammatica
503 3763 747 3846 quaestionibus
760 3763 898 3829 facultas
913 3763 996 3840 data,
1013 3764 1165 3847 quattuor
1179 3781 1339 3845 gramma·

166 3869 304 3933 ticorum
316 3868 506 3934 coniunctos
518 3869 649 3936 exhibet
661 3870 772 3951 libros,
787 3893 852 3936 non
868 3872 1014 3957 integros
1027 3868 1109 3947 illos,
1125 3870 1267 3932 attamen
1280 3868 1340 3932 eti-

166 3998 297 4041 amnum
320 3976 470 4042 omnibus
491 3976 558 4043 fere
579 3980 863 4065 grammaticorum
885 3979 1020 4064 scriptis,
1036 3998 1174 4063 quorum
1188 3977 1337 4060 excerpta
1350 3987 1387 4058 (a)

166 4082 208 4148 ad
229 4088 369 4150 aetatem
390 4086 534 4149 nosham
554 4090 778 4170 pervenerunt,
798 4086 1005 4172 copiosiores.
1040 4085 1103 4163 Qui
1121 4082 1171 4149 illi
1184 4082 1261 4148 libri
1276 4083 1341 4147 sint
1367 4069 1369 4072 Α

165 4191 236 4275 ipse
261 4191 317 4276 qni
343 4191 424 4256 haec
450 4191 584 4278 collegit
612 4196 646 4261 et
676 4193 880 4259 concinnavit
906 4193 1048 4278 prodidit
1073 4191 1178 4257 indice
1205 4190 1341 4276 singulis

165 4296 348 4382 rhapsodiis
373 4299 570 4384 subscripto:
604 4296 806 4385 παράκειται
830 4297 873 4365 τὰ
892 4293 1122 4383 Ἀριστονίκου
1143 4300 1263 4385 σημεῖα
1285 4294 1342 4362 καὶ

30 4490 34 4501 ¹
164 4404 206 4468 τὰ
221 4399 378 4485 Ascapos
396 4403 474 4487 περὶ
492 4409 551 4489 τῆς
562 4399 809 4492 Ἀρισταρχείου
832 4403 1059 4492 διορθώσεως,
1083 4404 1158 4472 τινὰ
1180 4402 1217 4470 δὲ
1231 4402 1289 4470 καὶ
1303 4400 1339 4469 ἐκ
1358 4427 1372 4477 2

207 4508 227 4548 Ιι
236 4506 319 4559 obn,
333 4507 470 4548 Aristarch.
1118 4513 1129 4562 1
