3425 4934
589 320 613 372 2.
637 314 678 371 De
695 311 948 386 intempiratione.
1292 322 1354 386 309

183 483 287 566 οίίτως
308 486 370 573 γὰρ
399 482 556 572 ἐλέγομεν
582 481 660 567 περὶ
685 480 801 549 τοέτον
829 480 887 548 καί
913 477 948 547 έν
966 483 1007 570 τῇ
1026 482 1066 546 Α
1085 475 1246 570 ῥαψῳδίᾳ
1268 482 1353 567 (136)

182 635 222 646 -
243 601 303 665 cet
337 596 428 663 Ηεεο
448 594 628 662 Ηεεοδίεαί
649 597 733 662 sunt.
755 629 796 644 -
817 592 864 659 cf.
885 591 991 676 Etym
1008 590 1052 656 Μ.
1073 594 1143 670 377,
1164 596 1214 659 40.

265 706 296 769 Ω
318 712 379 774 546
400 695 473 768 ἀλλ’
503 698 562 768 ένα
587 700 696 766 παῖδα
715 695 809 766 τέκεν
828 692 1034 784 παναώριον.
1075 696 1182 765 SohoL
1202 699 1233 765 A
1254 720 1353 764 παν-

182 804 346 896 αώριονι
379 805 412 877 οἳ
436 805 498 894 μὲν
523 803 700 888 ἐδάσυναν,
730 808 786 873 ἵνα
814 801 1010 888 έκδέξωνται
1040 802 1099 872 τὸν
1126 803 1212 870 κατά
1241 799 1353 873 πάντα

181 913 305 1003 όίωρον·
336 913 368 985 οἱ
396 913 433 983 δέ
458 912 631 1008 ἐψίλωσαν
651 910 863 1000 ἐκδεχόμενοι
887 912 946 982 τὸν
971 907 1020 992 είς
1039 906 1150 978 πάντα
1170 936 1353 1002 πεφροντι-

180 1023 310 1111 σμένον.
353 1017 492 1109 όίμεινον
518 1021 555 1092 δέ
573 1021 613 1092 τό
639 1018 816 1111 πρότερον·
842 1025 941 1089 τοῦτο
969 1020 1031 1107 γὰρ
1054 1016 1151 1086 θέλει
1173 1017 1353 1109 σημαίνειν.

181 1136 229 1204 cf.
248 1135 342 1202 Eunt.
372 1140 466 1219 1364,
490 1140 531 1202 26
561 1127 756 1218 παναώριον
783 1127 821 1196 δέ
847 1123 872 1217 ἢ
895 1127 954 1195 τόν
979 1122 1089 1218 πάντῃ
1115 1120 1226 1215 όίωρον
1251 1125 1351 1216 λέγει,

180 1266 274 1327 παρα
294 1240 355 1330 τὴν
376 1236 466 1328 ώραν
484 1237 544 1306 τὸν
564 1233 692 1325 καιρόν,
717 1235 772 1305 διὸ
793 1234 851 1304 καί
873 1228 1049 1303 ἐδασόνετο
1070 1229 1165 1324 παρά
1177 1256 1248 1303 τισι
1267 1237 1353 1306 κατὰ

179 1349 240 1438 τὴν
263 1345 599 1436 προπαραλόγουσαν.
645 1340 670 1437 ἢ
695 1344 789 1430 παρὰ
818 1342 856 1412 τό
887 1342 949 1433 τὴν
974 1337 1064 1429 ώραν
1087 1343 1148 1432 τὴν
1177 1342 1351 1433 φροντίδα,

178 1456 238 1526 τὸν
257 1453 345 1523 πάνυ
366 1451 659 1546 πεφροντισμένον.
701 1448 725 1543 ἢ
750 1445 922 1521 ἀνάπαλιν
942 1447 989 1531 ὡς
1009 1448 1044 1519 ἐν
1063 1444 1162 1540 ἤθει,
1184 1451 1243 1521 τὸν
1264 1450 1352 1522 πάνυ

181 1561 258 1648 δίχα
284 1560 475 1654 φροντίδος,
516 1561 600 1630 ὅθεν
631 1559 717 1641 τινές
745 1559 803 1628 καί
831 1556 977 1653 ἐφίλουν
1004 1553 1095 1626 αὐτό.
1143 1564 1263 1649 νοῆσαι
1289 1561 1351 1648 γάρ

181 1666 422 1762 φιλαότωςτδν
435 1668 543 1763 πάντῃ
565 1670 698 1759 ώραῖον,
721 1659 742 1738 ό
764 1663 807 1758 δη’
827 1692 916 1748 τινες
936 1659 1043 1749 εἶπον,
1067 1660 1208 1756 όκνήσοι
1227 1693 1280 1750 τις
1301 1664 1351 1737 άν.

261 1787 297 1846 Ν
315 1789 376 1851 456
398 1772 436 1861 λίς
462 1784 595 1866 πρώτον
620 1774 746 1845 Μίνωα
768 1774 860 1857 τέκε,
888 1771 1003 1866 Κρήτῃ
1031 1769 1234 1861 ἐπίουρον.
1275 1781 1434 1855 Ari-(³²6)

180 1889 326 1957 starchus
358 1883 516 1974 ἐπίουρος
548 1895 587 1957 αλ
617 1882 810 1974 ἐπίκουρος
850 1887 1081 1972 interpretatus
1112 1881 1171 1950 τὸν
1201 1880 1351 1974 φύλακα·

177 1993 342 2085 μέμνηται
357 1993 395 2063 δέ
415 1994 472 2063 καί
494 1992 512 2065 ό
528 1995 678 2080 Δίδυμος
692 1998 753 2082 τῆς
767 1988 964 2071 ἀποδόσεως
983 1990 1042 2059 καὶ
1058 1986 1209 2080 Τρύφων.
1244 1991 1350 2063 ἐκεῖνο

180 2103 217 2170 δέ
238 2100 463 2192 προστίθησιν
485 2098 504 2170 ό
528 2097 687 2193 Τρύφων,
711 2099 764 2170 ότι
786 2096 806 2169 ό
827 2094 994 2186 ἐπίουρος,
1017 2095 1063 2179 ώς
1084 2096 1287 2183 ἐπίσκοπος,
1311 2098 1349 2171 οό

178 2208 312 2291 πάντως
331 2206 397 2293 έγει
415 2207 604 2297 ἐγκείμενον
618 2209 676 2278 τόν
691 2205 791 2296 οόρδν
809 2207 869 2279 τὸν
890 2205 1026 2298 φύλακα
1046 2206 1131 2275 κατὰ
1151 2205 1272 2303 ταύτην
1290 2209 1352 2300 τὴν

179 2315 361 2388 ἀπόδοσιν·
395 2316 429 2385 τί
453 2317 515 2406 γὰρ
541 2313 707 2385 κεκώλυκε
731 2315 826 2403 παρὰ
851 2315 890 2384 τὸ
918 2310 988 2404 δρῶ
1014 2307 1100 2383 εἶναι
1128 2311 1266 2403 ἐπίορον
1293 2318 1351 2387 καὶ

178 2424 337 2511 ἐπίουρον
357 2425 416 2494 τόν
429 2423 627 2511 έπιορῶντα,
651 2422 847 2518 ἐψιλῶοθαι
869 2421 906 2491 δὲ
929 2423 987 2490 διὰ
1008 2423 1069 2513 τὴν
1091 2421 1271 2492 έπένθεσιν
1290 2431 1351 2495 τοῦ

178 2561 215 2614 υς
245 2539 285 2618 (v.
311 2536 404 2603 Euat„
430 2560 461 2622 p·
492 2542 560 2604 149.
606 2534 759 2621 Apollon.
787 2535 826 2600 de
853 2534 922 2599 adv.
953 2539 1027 2616 558,
1058 2534 1095 2602 ολ
1121 2557 1213 2621 pron.
1240 2560 1272 2622 p.
1298 2545 1348 2606 72.

179 2644 283 2713 Ττοότ.
306 2664 396 2729 exeg.
418 2642 453 2710 u
473 2667 506 2729 p.
527 2649 576 2712 62
617 2641 724 2710 Schol.
746 2641 828 2708 Ven.
850 2637 885 2710 Ξ
902 2645 975 2727 346)
1003 2639 1061 2709 καί
1088 2635 1187 2732 ἡμεῖς
1213 2641 1250 2709 δὲ
1270 2665 1349 2731 συγ·

178 2747 437 2834 κατατιθέμιθα
455 2744 595 2828 τούτοις.
630 2749 808 2816 Herodiani
828 2750 925 2816 verba
946 2754 1031 2818 sunt.
1053 2787 1094 2800 -

263 2863 295 2923 Φ
316 2865 378 2927 262
400 2850 498 2946 χώρῳ
525 2853 574 2924 ἐνὶ
599 2856 759 2944 προαλεῖε
793 2853 881 2934 τινὲς
909 2851 1072 2923 έδάουναν
1095 2856 1134 2927 τὸ
1156 2861 1346 2948 προαλεῖ,

176 2965 270 3053 παρὰ
298 2965 337 3034 τό
365 2961 536 3032 ἅλλεσθαι
562 2960 773 3050 ἐκδεχόμενοι
797 2961 855 3033 τὸν
876 2960 1110 3052 σχηματισμόν.
1153 2960 1290 3052 άμεινον
1311 2968 1349 3036 δέ

177 3074 316 3165 φιλοῦν,
345 3067 392 3153 ὡς
411 3071 468 3140 καί
490 3065 508 3140 ό
528 3068 784 3162 Ἀσκαλωνίτης,
815 3065 955 3161 φάσκιον
981 3066 1051 3139 ἀπὸ
1080 3077 1141 3140 τοῦ
1167 3069 1347 3158 ἁλίζεσθαι

178 3186 393 3270 γεγενῆσθαι,
415 3177 585 3249 τουτέστιν
606 3172 851 3267 ἀθροίζεσθαι,
874 3176 959 3247 ώστε
979 3177 1205 3269 σημαίνεσθαι
1226 3181 1264 3251 τό
1285 3209 1347 3251 κα·
1364 3201 1414 3261 ³14

177 3292 312 3380 τωφερῆ
333 3291 378 3377 (v.
400 3289 508 3357 Lehrs.
524 3290 644 3356 Herod.
666 3312 697 3374 p.
713 3289 800 3376 321>.
837 3285 894 3356 καί
916 3287 977 3375 γάρ
996 3291 1057 3355 τοῦ
1075 3286 1199 3374 χωρίου
1221 3287 1290 3359 έστί
1309 3291 1347 3360 τὸ

178 3391 346 3464 ἐπίθετον.
367 3437 409 3446 -

262 3528 286 3589 μ
309 3511 348 3576 89
369 3508 429 3594 τῆς
449 3497 527 3593 ἤτοι
549 3497 654 3582 πόδες
674 3496 738 3570 εἶσί
762 3499 913 3571 δυώδεκα
932 3497 1057 3584 πάντες
1077 3499 1200 3595 όίωροιτ
1220 3501 1350 3593 ἀωρος

178 3614 325 3681 derivant
345 3614 507 3696 nonnulli,
527 3619 566 3681 ut
585 3612 776 3681 Eustabhius
798 3615 844 3679 ait
865 3614 910 3703 <p
934 3622 1022 3695 1715,
1047 3615 1109 3702 18>,
1132 3618 1172 3683 ab
1194 3608 1291 3701 ώρεῖν
1309 3616 1348 3685 τό

178 3714 372 3809 φυλάσσειν,
396 3721 454 3788 alii
476 3721 585 3789 aliter:
606 3714 690 3787 ένιοι
713 3717 761 3800 δέ,
784 3742 881 3810 φασι,
905 3718 1033 3801 δασέως
1054 3715 1345 3809 ἀναγινώσκουσιν,

177 3830 232 3896 ἵνα
253 3818 319 3895 εἶεν
340 3822 448 3916 άωροι
469 3822 502 3895 οὶ
523 3821 611 3912 ώμοί
632 3825 688 3895 καί
709 3826 847 3916 σκληροὶ
868 3826 924 3895 καί
945 3822 1071 3916 ίίγριοι,
1095 3826 1132 3897 ἐκ
1154 3837 1348 3922 μεταφορᾶς

176 3940 242 4004 τών
256 3929 374 4024 ἀώρων
387 3933 445 4002 καί
464 3932 509 4024 μὴ
533 3928 691 4003 πεπόνων
712 3929 790 4024 ἤτοι
811 3932 980 4021 πεπείρων
1001 3942 1148 4023 καρπών.
1176 3934 1262 4005 ἔνθα
1284 3936 1347 4025 όρα

175 4042 215 4111 τὸ
236 4039 366 4122 δασέως
385 4037 666 4129 ἀναγινώσκουσιν
692 4036 738 4123 ώς
756 4047 815 4110 τοῦ
840 4069 868 4110 ω
888 4038 1036 4130 μεγάλου
1062 4042 1209 4113 ἐνταῦθα
1231 4044 1267 4113 ἐν
1285 4045 1346 4131 μέν

175 4157 250 4232 ταῖς
275 4145 396 4230 άλλαις
419 4146 605 4247 ἑρμηνείαις
626 4146 844 4241 ψιλουμένου,
868 4149 905 4217 έν
926 4150 962 4218 δέ
982 4157 1023 4243 τῇ
1043 4149 1183 4243 ῥηθείσῃ
1206 4154 1346 4225 δασυνο-

174 4258 276 4345 μένσν
299 4258 358 4326 διά
380 4257 441 4346 τὴν
461 4255 565 4345 ώραν,
592 4251 616 4347 ἣ
639 4259 737 4347 δηλοῖ
755 4256 815 4325 τόν
833 4256 960 4344 καιρόν.
1004 4258 1058 4330 ὅτι
1085 4259 1122 4329 δέ
1148 4257 1181 4328 οἶ
1202 4262 1345 4330 παλαιοὶ

176 4365 316 4459 ἐνμέσῳ
330 4364 450 4449 λέξεων
468 4361 707 4452 ἐπνενμάτιζον
726 4365 767 4432 τὰ
790 4363 974 4455 φωνήεντα,
998 4366 1055 4437 καί
1075 4364 1095 4457 ἡ
1118 4364 1219 4448 Ἰλιὰς
1240 4369 1345 4459 δηλοῖ.
