3425 4934
556 253 579 304 l.
602 247 643 304 De
660 251 734 314 aere,
751 248 872 315 aethere,
891 247 1020 321 Olympo.
1319 260 1377 322 167

203 407 402 502 ἀϊχθήτην“.
452 414 541 481 Bene
567 416 688 482 factum
716 416 805 502 quod
835 416 933 483 etiem
960 418 996 482 in
1025 417 1152 484 dnobus
1178 417 1377 486 difficillimis

201 522 282 589 loeis
297 523 375 608 quid
387 523 491 610 egerit
506 527 592 589 certe
613 520 723 607 aliquo
745 523 842 589 modo
866 545 905 589 er
925 524 1071 611 reliquiis
1091 524 1271 612 intelligere
1291 525 1377 593 licet

206 631 236 696 Θ
259 637 305 699 19.
325 636 367 697 25
392 629 426 695 in
456 652 553 697 aurea
578 633 693 695 eatena
712 628 812 696 Iovis:
839 624 873 716 (ἡ
898 629 1018 719 διπλῆ)
1046 627 1100 697 ὅτι
1127 625 1222 719 εἰμὴ
1247 629 1377 714 έκδεξό·

200 740 295 821 μεθα
313 729 492 820 Ὄλυμπον
515 732 554 802 τὸ
584 732 642 802 ἐπὶ
662 730 882 816 Μακεδονίας
906 730 1001 825 ὅρος,
1033 731 1071 805 οὗ
1100 734 1316 830 συμφωνήσει
1335 743 1376 831 τῇ

202 839 359 910 διαθέσει
376 838 492 933 ταύτῃ·
514 840 573 911 ἐπὶ
593 839 655 928 γὰρ
676 846 737 910 τοῦ
758 838 903 929 οὐρανοῦ
924 840 1004 925 στάς
1025 868 1109 937 φησι
1128 843 1188 914 τὸν
1199 840 1377 931 ’Όλυμπον

203 945 353 1019 ἀνέλκειν
373 954 433 1037 τῆς
453 955 567 1038 σειρᾶς
587 950 625 1020 έκ
645 955 705 1017 τοῦ
726 945 799 1037 ῥίου
822 947 1026 1042 έκδεθείσης.
1063 951 1121 1020 καί
1143 949 1234 1041 terp
1257 950 1295 1036 έξ
1314 977 1375 1020 πε-
1387 954 1458 1026 (172)

202 1057 307 1147 ρισση.
351 1060 438 1127 Huic
464 1061 643 1151 coniungas
670 1063 942 1145 observationem,
971 1085 1054 1149 quae
1081 1062 1151 1130 sine
1178 1063 1276 1130 dubio
1302 1064 1377 1129 Ari·

204 1168 324 1236 stonici
346 1172 408 1237 est:
439 1161 574 1235 ἔπειτα·
607 1164 687 1235 ὅταν
708 1162 845 1256 θελήσω
874 1164 990 1254 ἐρύσαι
1012 1165 1128 1260 φησίν,
1159 1174 1193 1237 et
1212 1169 1377 1259 intelliges

201 1276 284 1342 hane
310 1276 489 1342 Aristarchi
514 1278 708 1344 sententiam
734 1278 847 1344 trisse:
881 1278 908 1343 si
938 1298 999 1365 ego
1028 1277 1200 1365 Olympum
1228 1299 1377 1366 egressus

201 1382 320 1450 alieubi
341 1383 376 1448 in
397 1384 488 1451 coelo
510 1387 626 1468 (totam
647 1386 845 1472 superiorem
865 1386 1033 1473 regionem
1053 1386 1131 1453 dicit
1150 1381 1209 1451 τὸν
1229 1379 1313 1469 ὑπέρ
1334 1383 1376 1450 τὰ

202 1485 285 1579 νέφη
305 1481 423 1576 τόπον)
445 1496 534 1558 stans
559 1497 706 1561 catenam
733 1492 871 1559 coelitus
894 1515 1082 1579 suspensam
1105 1515 1202 1560 mann
1223 1497 1376 1574 tenerem,

201 1622 259 1666 ros
286 1621 398 1665 omnes
423 1599 458 1664 in
488 1603 601 1666 eatena
627 1600 775 1686 suspensi
802 1623 854 1667 me
876 1623 942 1667 non
963 1600 1103 1686 possetis
1124 1603 1242 1667 terram
1264 1622 1376 1667 versus

201 1707 342 1773 trahere:
377 1728 438 1793 ego
466 1710 579 1773 contra
602 1708 630 1775 si
652 1707 768 1774 vellem
793 1707 938 1789 trahere,
966 1711 1126 1790 catenam,
1158 1708 1209 1774 cui
1237 1730 1294 1774 vos
1318 1708 1375 1775 ad·

200 1813 385 1894 haereretis,
406 1815 564 1880 cacumini
580 1815 710 1900 Olympi
724 1815 881 1903 illigatam
899 1814 1122 1881 contraherem
1138 1815 1248 1901 itaque
1264 1820 1297 1881 et
1317 1838 1375 1883 vor

201 1927 333 1990 catenae
359 1920 571 1989 adhaerentes
598 1926 631 1989 et
655 1944 729 1988 eum
750 1922 888 2009 Olympo
917 1922 952 1988 in
978 1920 1049 1990 solo
1070 1922 1134 1988 fixo
1156 1926 1257 1988 terras
1279 1922 1375 1989 mmul
1479 1915 1485 1926 ’

201 2034 235 2096 et
260 2030 363 2096 maria
389 2052 547 2116 suspense
567 2034 720 2098 tenerem.
761 2030 866 2096 Video
889 2029 1013 2096 scholia
1032 2030 1086 2096 BL
1109 2033 1142 2096 et
1161 2029 1193 2096 V
1214 2033 1301 2096 certa
1320 2053 1375 2097 ve·

201 2137 300 2225 stigio
318 2137 598 2205 Aristarchearum
624 2137 887 2205 observationum
912 2137 1046 2205 hebere:
1076 2137 1112 2203 in
1132 2136 1186 2204 Bh
1209 2140 1272 2204 est:
1297 2135 1376 2224 περί

200 2240 273 2330 ῥίον
292 2237 509 2327 Οὐλύμποιοτ
529 2243 584 2309 ἵνα
600 2237 679 2310 αὐτὸ
697 2237 879 2327 δεσμείσας
892 2242 950 2311 καὶ
967 2241 1009 2309 τὰ
1031 2240 1138 2310 λοιπὰ
1158 2236 1277 2333 έπέρη,
1298 2264 1375 2311 συν-

200 2348 418 2441 ερριζωμένης
444 2343 535 2437 αὐτῷ
558 2348 620 2434 μέν
644 2354 704 2440 τῆς
730 2354 806 2439 γῆς,
837 2355 880 2442 τῇ
906 2349 944 2417 δὲ
969 2354 1011 2441 γῇ
1035 2354 1095 2438 τῆς
1121 2344 1301 2439 θαλάττης.
1344 2353 1373 2421 V

201 2463 249 2544 (et
274 2460 354 2527 haee
383 2461 455 2549 ipsa
485 2460 664 2548 putaverim
691 2461 867 2528 Aristonici
894 2457 992 2527 verba
1017 2464 1099 2544 esse)
1130 2454 1295 2525 δείκνυσιν
1321 2455 1375 2526 δἐι

200 2562 340 2653 βέβηκεν
361 2561 569 2651 δ’Όλυμπος
589 2564 647 2633 καὶ
668 2560 729 2633 οὐκ
749 2561 820 2634 ἔστι
839 2563 1007 2652 μετέωρος
1016 2568 1069 2632 ¹⁰⁴.

284 2674 442 2761 Superest
461 2676 554 2742 locus
576 2676 721 2742 omnium
741 2676 776 2741 in
797 2677 858 2742 hec
879 2699 914 2744 re
937 2675 1159 2743 difficillimus:
1180 2677 1219 2739 Π
1238 2680 1299 2745 364

285 2773 333 2860 ὥς
354 2776 388 2847 δ)
413 2773 459 2849 ὅτ’
484 2775 543 2847 ἀπ)
570 2775 754 2866 Οὐλύμπου
776 2778 880 2873 νέφος
900 2776 1028 2868 ἔρχεται
1050 2775 1191 2867 οὗρανδν
1213 2775 1293 2847 είσω

285 2882 427 2976 αἰθέρος
448 2885 485 2956 ἐκ
506 2884 589 2978 δίης,
613 2886 670 2959 ὅτε
689 2912 725 2956 τε
746 2888 830 2970 Ζεὺς
851 2883 1004 2956 λαίλαπα
1024 2884 1124 2979 κείνη,
1147 2913 1205 2955 -.·

202 2992 236 3085 (ἡ
254 2996 374 3084 διπλῆ)
395 2993 448 3064 δτι
467 3001 584 3087 σαφιῦς
605 2991 666 3065 οὐκ
687 2992 963 3081 ἔστιν”Ολυμπος
983 2994 1041 3062 καί
1062 2990 1203 3082 οὐρανὸς
1223 2992 1243 3065 ὁ
1265 2991 1375 3075 αὐτός·

203 3099 250 3183 ὡς
275 3103 338 3190 γὰρ
361 3097 420 3194 ἀφ’
451 3100 563 3190 ἑτέρου
591 3101 645 3195 ἐφ’
669 3100 781 3193 ἕτερόν
803 3126 886 3197 φησι
906 3102 944 3172 τὸ
965 3101 1068 3195 νέφος
1088 3099 1255 3190 ἔρχεσθαι.
1297 3098 1376 3171 οὐδὲ

202 3210 270 3301 μὴν
289 3205 396 3292 τόπος
417 3206 630 3298 ἐπουράνιος·
659 3208 678 3281 ὁ
700 3213 762 3300 γὰρ
776 3210 926 3301 Ὅμηρος
947 3207 1018 3280 ἆπδ
1038 3215 1105 3279 τῶν
1125 3209 1375 3297 γινωσκομένων

204 3323 289 3386 πᾶσι
303 3324 453 3388 ποιεῖται
466 3319 527 3400 τὰς
540 3315 721 3405 ὁμοιώσεις
741 3323 784 3407 (h
799 3345 825 3389 e.
846 3346 912 3391 non
933 3327 1043 3410 potest
1063 3321 1244 3408 exemplum
1266 3344 1375 3408 sump-

204 3435 274 3496 tum
306 3452 377 3497 esse
407 3431 448 3496 ab
478 3430 518 3496 iis
547 3453 631 3516 quae
656 3431 691 3496 in
716 3431 850 3497 summis
878 3431 959 3498 coeli
985 3430 1140 3498 tractibus
1165 3430 1261 3510 fiunt,
1292 3452 1374 3517 qnae
1394 3446 1440 3498 loe

205 3560 333 3604 sensum
347 3538 512 3625 aciemque
526 3538 695 3605 hominum
708 3539 854 3626 fugiunt:
875 3541 984 3623 reete).
1013 3531 1252 3603 succisionem
1264 3531 1376 3603 τοίνυν

203 3642 241 3712 τὸ
270 3636 349 3729 ἷίρος
373 3640 615 3733 σημαίνεσθαι·
644 3643 703 3712 καί
728 3644 791 3731 γὰρ
820 3640 892 3713 ἀπὸ
917 3648 983 3711 τῶν
1005 3638 1090 3731 ὀρῶν
1111 3641 1201 3731 λέγει
1220 3642 1263 3711 τὰ
1283 3666 1375 3712 συνε-

203 3755 311 3818 στῶτα
325 3748 409 3843 νέφη
421 3757 635 3838 μεταχωρεῖν·
657 3747 730 3835 „che
745 3747 776 3818 δ’
801 3747 847 3819 ὅτ’
872 3746 929 3840 ἀφ’
953 3746 1089 3845 δψηλῆς
1107 3757 1258 3843 κορυφῆς
1278 3747 1374 3836 ὄρεος
1384 3761 1457 3833 (17³)

202 3853 362 3945 μεγάλοιο
391 3856 508 3950 κινήσῃ
534 3859 675 3929 πυκινὸν
704 3857 830 3950 νέφοςα
859 3867 954 3947 (297).
1003 3864 1178 3947 τοιγαροῦν
1209 3859 1268 3928 καί
1294 3857 1375 3927 ὅταν

271 4066 310 4108 ¹⁰⁴
326 4065 417 4121 Huius
427 4063 483 4120 loci
500 4062 652 4136 explicatio
663 4062 841 4120 Aristarchea
858 4063 1011 4120 certismms
1028 4066 1077 4130 ost,
1095 4066 1126 4119 et
1142 4062 1177 4119 de
1189 4061 1312 4119 Atlantis
1328 4079 1374 4118 co·

203 4149 306 4207 lumnis
322 4151 360 4221 (v.
377 4149 513 4206 Voeloker
529 4167 558 4220 p.
578 4153 635 4206 1⁰1,
661 4148 782 4204 Brnoslm
798 4164 894 4219 geogr.
913 4148 1000 4218 myth
1018 4149 1031 4203 Ι
1048 4166 1076 4220 p.
1094 4150 1138 4215 72)
1155 4150 1207 4204 aut
1223 4146 1373 4217 explicatio

203 4234 366 4307 quaerendo
381 4251 454 4304 quae
469 4251 533 4290 cum
550 4233 605 4290 hac
621 4249 679 4291 non
696 4232 820 4289 δίωσιιολ
837 4235 889 4290 sut
906 4233 1087 4290 statuendum
1105 4230 1181 4302 quod
1190 4230 1302 4287 Vossius
1319 4234 1373 4288 stu·

201 4319 259 4378 cuit
275 4319 351 4391 (kris.
369 4318 409 4377 Bi
426 4319 451 4373 u
469 4337 496 4390 p.
514 4322 583 4388 zoe).
