3425 4934
390 335 451 400 234
571 331 620 386 ΙΙΙ.
644 332 684 389 Ι)ε
702 332 855 389 Aristarchi
874 332 991 390 scientia
1008 333 1184 404 antiquitatis
1201 335 1370 391 Homericae.

389 496 436 563 IV
458 504 486 577 3,
506 505 526 566 2
547 497 603 564 καί
623 498 685 584 γὰρ
706 500 783 580 τοὺς
801 495 1007 590 Ἀσκληπιοῦ
1028 501 1155 579 παῖδας
1174 497 1371 584 στρατεῦσαί
1384 522 1487 590 φασιν
1502 495 1553 566 ἀπ’

382 597 486 671 Ἴλιον
509 604 719 695 Μεσσηνίους
744 603 853 687 ὄντας·
879 603 1050 698 Ἀρσινόης
1076 607 1138 694 γὰρ
1160 603 1366 697 Ἀσκληπιὸν
1385 613 1444 696 τῆς
1463 614 1557 675 Λευ-

390 709 518 779 κίππου
545 714 601 781 καὶ
628 709 665 782 οὐ
689 712 882 798 Κορωνίδος
909 718 1017 784 παῖδα
1046 708 1141 786 εἶναι.
1183 716 1242 783 καί
1272 713 1417 801 Τρίκκαν
1442 740 1478 783 τε
1499 742 1555 782 κα-

390 822 504 888 λοῦσιν
524 817 644 913 ἔρημον
666 820 700 889 έν
720 828 760 914 τῇ
776 821 953 915 Μεσσηνίᾳ
967 822 1099 912 χωρίον,
1116 824 1181 892 καί
1202 821 1276 913 έπη
1293 828 1367 890 τῶν
1385 820 1555 912 Ὁμήρου

389 927 691 1015 καταλέγουσιν,
716 928 751 996 έν
773 922 824 1010 οἷς
842 931 901 1000 τὸν
924 927 1092 1014 Μαχάονα
1115 928 1284 1017 ὃΝέστωρ
1306 935 1354 1019 τῷ
1376 926 1478 1020 όϊστηῖ
1499 937 1556 1017 βε-

388 1035 551 1128 βλημένον
575 1036 747 1124 περιέπων
777 1036 863 1105 ἐστίν
889 1033 1056 1120 εὐνοϊκῶς·
1087 1035 1147 1107 oda
1174 1035 1215 1107 ἀν
1243 1032 1302 1107 οὖν
1329 1033 1429 1109 αὐτὸν
1453 1039 1499 1128 μὴ
1523 1038 1557 1119 ἐς

389 1139 519 1229 γείτονα
544 1144 602 1212 καὶ
622 1141 814 1230 ἀνθρώπων
833 1148 977 1231 βασιλέα
1000 1145 1180 1236 ὁμοφύλων
1201 1143 1398 1235 προθυμίαν
1417 1142 1559 1235 τοσήνδε

389 1249 637 1334 ἐπιδείξασθαι.
679 1257 752 1323 Ηοο
773 1257 874 1343 igitur
894 1279 996 1344 genus
1016 1259 1290 1344 interpretationis
1312 1258 1501 1325 Homericae
1522 1259 1557 1323 in

389 1363 550 1452 oppidulis
570 1365 693 1450 graecis
714 1369 747 1430 et
767 1365 852 1431 inter
871 1371 1080 1454 mystagogos
1101 1367 1273 1432 ferebatur.

471 1471 535 1539 Sed
560 1477 725 1560 praeterea
753 1495 826 1539 cum
852 1497 873 1539 a
897 1474 1006 1559 pueris
1033 1474 1145 1540 Graeci
1174 1473 1406 1560 geographiam
1428 1495 1467 1538 ex
1487 1472 1557 1538 Ho-

388 1604 476 1648 mero
508 1585 754 1669 oognoscerent,
780 1582 918 1648 maxime
943 1605 983 1648 ex
1009 1581 1159 1667 catalogo
1187 1581 1329 1665 navium,
1355 1603 1451 1666 quem
1472 1581 1559 1666 apud

391 1689 547 1776 quosdam
568 1689 723 1756 memoria
743 1694 851 1755 tenere
873 1689 1016 1777 rellego
1037 1691 1196 1756 sancitum
1218 1693 1314 1768 esset,
1335 1688 1466 1774 plurimi
1486 1687 1557 1753 Ho-

391 1798 509 1863 merica
529 1798 665 1876 urbium,
685 1796 863 1876 fluminum,
883 1798 1043 1863 montium
1064 1797 1195 1863 nomina
1216 1819 1288 1863 oum
1308 1797 1362 1876 iis,
1387 1817 1468 1880 quae
1490 1795 1558 1861 suis

391 1904 589 1991 temporibus
611 1905 761 1984 valerent,
782 1905 965 1990 conspirare
984 1905 1145 1987 volebant,
1163 1906 1263 1970 immo
1279 1927 1318 1972 eo
1332 1904 1558 1989 procedebant,

390 2014 482 2079 utin
502 2013 564 2079 hoc
585 2033 703 2098 genere
725 2035 853 2078 omnem
875 2012 1052 2079 doctrinam
1074 2013 1114 2078 ad
1128 2012 1262 2078 Homeri
1283 2034 1429 2077 normam
1448 2013 1558 2097 exige-

390 2125 469 2186 rent.
498 2119 602 2187 Strab.
625 2118 702 2186 VIII
722 2143 753 2206 p.
775 2125 835 2188 337
859 2116 947 2204 λέγω
971 2117 1008 2185 δέ
1027 2122 1131 2185 ταῦτα
1156 2113 1354 2204 συμβάλλων
1376 2115 1417 2183 τά
1442 2141 1477 2183 τε
1502 2120 1559 2182 νῦν

389 2224 503 2293 καὶτὰ
523 2220 578 2316 ὑφ’
592 2220 740 2314 Ὁμήρου
755 2222 927 2311 λεγόμενα
950 2220 1076 2314 ἀνάγκη
1090 2225 1152 2313 γὰρ
1167 2220 1442 2308 ἀντεξετάζεσθαι
1454 2228 1559 2290 ταῦτα

390 2331 530 2414 ἐκείνοις
565 2331 630 2400 διὰ
663 2333 732 2421 τήν
768 2340 834 2401 τοῦ
866 2339 1039 2423 ποιητοῦ
1071 2331 1191 2416 δόξαν
1221 2332 1289 2401 καί
1315 2327 1560 2421 σαντροφίαν

390 2442 488 2530 πρὸς
517 2438 621 2531 ἡμᾶς
654 2438 743 2510 τότε
774 2440 1011 2527 νομίζοντος
1044 2438 1211 2510 ἑκάστου
1247 2444 1560 2528 κατορθοῦσθαι

388 2552 460 2640 τήν
494 2554 699 2640 παροῦσαν
732 2547 947 2637 πρόθεσιν,
983 2549 1081 2619 ὅταν
1115 2542 1137 2641 ᾗ
1169 2548 1291 2638 μηδέν
1320 2543 1560 2615 ἀντιπῖπτον

388 2663 474 2738 τοῖς
503 2656 603 2726 οὕτω
637 2654 800 2746 σφόδρα
825 2662 1087 2726 πιστευθεῖσι
1116 2658 1303 2746 περὶτῶν
1334 2651 1466 2723 αὐτῶν
1493 2655 1559 2724 λό-

389 2790 484 2853 γοις.
524 2768 613 2834 Ηεεε
641 2789 716 2834 vero
733 2752 855 2835 >studia
888 2792 954 2836 non
991 2773 1119 2835 tantum
1151 2769 1192 2833 ad
1223 2790 1337 2833 vanam
1367 2766 1559 2833 Homericae

390 2876 607 2964 geographiae
632 2878 930 2962 interpretationem
959 2877 1118 2942 duxerunt
1143 2877 1200 2942 sed
1226 2876 1389 2940 etiamad
1415 2896 1558 2940 corrum-

389 2985 527 3071 pendam
549 2984 726 3069 antiquitus
748 2985 899 3050 traditam
920 2985 1119 3070 scripturam.
1146 2982 1232 3049 Nam
1246 2982 1399 3049 Messenii
1414 3005 1503 3049 suam
1519 2984 1559 3049 de

391 3093 544 3159 Oechalia
565 3093 757 3159 sententiam
779 3096 816 3158 ut
837 3092 946 3178 aliquo
970 3093 1066 3162 modo
1088 3095 1264 3174 tuerentur,
1287 3091 1425 3176 catalogi
1448 3113 1559 3156 versus

325 3220 374 3271 238
393 3206 556 3268 sae-732
579 3203 635 3265 aut
656 3201 756 3285 spurii
774 3201 937 3266 iudicandi
958 3204 1014 3265 aut
1035 3199 1098 3265 alio
1120 3199 1332 3265 transferendi
1353 3203 1451 3264 erant
1494 3197 1560 3265 Sed

308 3312 379 3383 (244)
392 3307 599 3374 memorabile
622 3307 802 3392 exemplum
824 3308 911 3392 apud
924 3307 1117 3373 Pausaniam
1139 3311 1188 3373 est
1201 3305 1264 3372 VH
1277 3312 1327 3392 26,
1346 3310 1392 3374 13.
1418 3305 1457 3372 In
1471 3309 1559 3372 cata·

388 3415 467 3501 logo
489 3416 619 3482 navium
640 3419 669 3479 Β
691 3421 751 3483 573
774 3419 823 3481 est
844 3416 1002 3481 eiusmodi
1022 3436 1144 3480 versus:

535 3523 571 3588 σί
589 3515 624 3587 θ’
646 3518 844 3610 Ὑπερησίην
864 3545 900 3587 τε
921 3520 978 3589 καί
998 3514 1154 3607 αἰπεινήν
1176 3515 1363 3591 Γονόεσσαν

534 3622 710 3717 Πελλήνην
730 3624 757 3695 τ’
782 3620 869 3711 εἶχον
889 3672 937 3698 -.

389 3741 438 3808 Ι)ε
465 3765 530 3827 quo
559 3762 653 3807 versu
679 3741 758 3806 haec
785 3744 893 3806 namet
913 3740 1102 3808 Pausanias:
1129 3731 1293 3825 Αἰγείρας
1319 3733 1357 3803 δέ
1378 3734 1412 3803 έν
1433 3740 1480 3823 τῷ
1501 3761 1562 3821 με·

389 3846 467 3927 ταξὺ
493 3845 550 3914 καὶ
570 3844 744 3937 Πελλήνης
770 3840 922 3931 πόλισμα
943 3841 1094 3933 ὑπήκοον
1115 3842 1305 3912 Σικυωνίων
1324 3848 1478 3913 Δονοῦσα
1499 3869 1562 3911 κα-

390 3953 531 4043 λουμένη
553 3951 681 4042 ἐγένετο
694 3952 754 4039 μέν
768 3950 835 4021 ὑπὸ
850 3957 916 4020 τῶν
928 3949 1118 4021 Σικυωνίαν
1132 3948 1325 4034 ἀνάστατος,
1345 3946 1562 4042 μνημονεύειν

392 4061 428 4131 δέ
449 4062 507 4130 καὶ
518 4060 667 4152 Ὅμηρον
689 4060 725 4130 ἐν
743 4057 918 4150 καταλόγῳ
938 4067 1003 4129 τῶν
1024 4061 1083 4130 σὺν
1101 4056 1325 4149 Ἀγαμέμνονί
1341 4083 1445 4151 φασιν
1460 4055 1562 4150 αάτής

391 4167 582 4259 ποιήσαντα
604 4166 686 4250 έπος

536 4281 573 4347 οἳ
590 4273 626 4345 θ’
647 4274 845 4368 Ὑπερησίην
866 4303 901 4346 τε
923 4278 980 4346 καί
1001 4274 1156 4367 αἰπεινήν
1173 4273 1372 4347 Δονόεσσαν.

392 4384 634 4472 Πεισίστρατον
660 4385 711 4475 δέ,
739 4383 837 4474 ἡνίκα
866 4383 931 4476 έπη
956 4387 997 4454 τὰ
1017 4383 1164 4474 Ὁμήρου
1191 4383 1419 4469 διεσπασμένα
1446 4383 1560 4453 τεκαὶ
