3425 4934
220 348 241 400 1.
259 341 334 410 Quid
351 344 419 399 ante
438 342 627 400 Aristarchum
645 343 676 399 iu
693 343 747 401 heo
766 344 912 415 interpret.
931 343 1098 415 praestitum
1115 345 1251 403 videatur.
1276 353 1325 432 ,43

147 507 297 594 ἔχοντος·
324 506 440 598 ἀγνοοῖ
458 509 494 579 di
513 505 559 591 ὡς
586 505 624 579 οὐ
651 513 702 579 dei
727 506 797 580 ἀπὸ
821 512 888 579 τῶν
917 506 1057 604 ἀφανῶν
1083 513 1325 584 ποιεῖσθαιτὰ

148 615 306 689 ἐπίθετα.
350 622 461 702 Quod.
476 623 529 688 hic
555 644 647 689 suam
667 645 773 690 rerum
799 622 995 690 naturalium
1016 626 1184 691 scientiam
1204 631 1325 694 temere

148 732 325 798 inculcavit
345 730 500 812 Homero,
515 730 603 796 idem
624 731 694 797 dici
709 731 807 797 debet
827 732 867 797 de
881 734 993 809 κῶπος
1007 733 1142 815 (Aelian.
1156 733 1198 800 H.
1212 735 1252 801 A.
1266 733 1327 800 XV

150 837 560 925 28<Athen.1X3910>)‚
586 838 622 903 in
648 861 714 924 quo
742 839 850 905 minus
878 840 986 927 inepto
1015 841 1071 907 sed
1098 842 1176 907 artis
1198 843 1326 909 criticae

148 947 274 1034 regulis
292 969 360 1012 non
380 946 485 1033 magis
506 947 735 1013 convenienter
756 946 833 1031 egit
875 946 952 1014 Non
975 949 1191 1015 desideramus
1220 949 1327 1035 plura:

151 1055 282 1140 quaesi
305 1054 527 1121 desiderabilia
548 1051 811 1135 essent'eervata
830 1054 1022 1124 haberemus
1037 1058 1077 1124 ab
1092 1058 1326 1124 Alexandrinis

148 1162 241 1250 Ergo
272 1162 314 1228 ad
341 1162 520 1229 Homerum
551 1163 776 1249 explicandum
808 1162 953 1229 attulisse
988 1165 1206 1245 Aristotelem,
1240 1166 1327 1251 quod

151 1271 289 1337 doctori
311 1293 390 1336 aevo
411 1270 547 1336 alicuius
561 1270 718 1337 momenti
736 1270 906 1350 videretur,
927 1293 987 1337 nec
1008 1272 1163 1358 exempla,
1183 1296 1266 1358 quae
1287 1273 1328 1338 ad

151 1401 283 1446 manum
312 1382 400 1458 sunt,
426 1400 487 1444 nec
516 1379 808 1445 Alexandrinorum
839 1379 1003 1446 silentiunm
1037 1380 1165 1447 credere
1198 1380 1327 1467 patitur.

151 1487 216 1557 Sed
231 1486 356 1552 nihilsi
376 1486 514 1552 dicerem
535 1509 574 1552 ex
595 1486 664 1552 eius
679 1491 939 1572 sectatorumque
961 1487 1075 1553 studiis
1097 1488 1137 1553 ad
1151 1489 1326 1555 multorum
1337 1497 1392 1568 (ιι)

151 1596 324 1661 verborum
338 1593 589 1681 intelligentiam
602 1594 807 1674 redundasse,
828 1594 989 1662 immerito
1004 1597 1209 1681 copiosorum
1221 1597 1327 1663 homi-

152 1725 231 1769 num
261 1702 428 1769 laboribus
454 1702 676 1768 obtractorem
717 1700 795 1769 Non
816 1702 953 1769 multum
973 1703 1081 1771 tribuo
1104 1704 1328 1791 etymologicis

152 1811 278 1895 studiis,
300 1811 340 1876 de
361 1811 479 1896 quibus
501 1810 613 1877 Cicero
631 1809 730 1876 Acad.
749 1813 835 1895 post.
855 1808 873 1877 Ι
891 1816 919 1890 8,
941 1817 994 1879 32:
1015 1813 1212 1892 „Verborum
1232 1813 1329 1879 etiam

153 1918 326 2005 explicatio
347 1918 547 2002 probabatur
568 1920 624 1998 (aa
640 1917 842 1983 Academicis
863 1919 1025 1984 veteribus
1048 1923 1080 1986 et
1093 1919 1329 2007 Peripateticis)

153 2027 223 2094 ie.
245 2049 311 2111 qua
336 2026 376 2092 de
398 2047 496 2092 causa
517 2048 664 2111 quaeque
694 2028 803 2091 essent
823 2025 871 2090 ita
890 2026 1070 2106 nominata,
1098 2051 1193 2113 quam
1213 2025 1330 2110 ἔτυμο-

154 2128 271 2217 λαμίαν
285 2133 521 2220 appellabant.“
558 2132 644 2200 Nam
657 2154 716 2218 per
736 2155 866 2198 omnem
886 2133 1112 2219 antiquitatem
1133 2157 1206 2201 cum
1226 2158 1329 2220 paene

154 2242 235 2307 nihil
255 2242 327 2308 sani
349 2240 495 2307 attulerit
516 2240 713 2327 etymologia
733 2243 804 2305 tum
825 2240 882 2306 illa
903 2242 1065 2326 quaestio,
1087 2244 1121 2308 in
1144 2265 1207 2327 qua
1227 2243 1328 2327 ipsius

154 2349 339 2415 Aristotelis
368 2352 476 2435 partes
502 2348 590 2414 haud
616 2347 749 2435 exiguas
777 2348 877 2415 luisse
898 2348 1088 2436 fragmentis
1110 2349 1329 2436 cognovimus,

155 2451 254 2542 piosa
268 2479 310 2522 an
324 2447 416 2543 νόμῳ
429 2457 527 2523 rebus
541 2455 693 2540 imposita
713 2455 779 2521 sint
792 2455 933 2535 nomina,
956 2456 997 2522 ad
1012 2457 1192 2524 doctrinam
1205 2480 1329 2545 augen-

156 2564 229 2631 dam
248 2564 384 2632 inutilis.

236 2670 383 2738 Fuerunt
395 2672 430 2736 in
452 2672 564 2737 eadem
584 2670 697 2738 schola
717 2671 852 2737 subtiles
873 2671 1103 2738 vocabulorum
1125 2673 1329 2739 definitiones

156 2785 189 2846 et
206 2780 432 2846 disfinctiones
453 2779 621 2859 (virtutum
634 2779 773 2846 maxime
786 2780 1025 2865 vitiorumque),
1047 2780 1176 2866 qualem
1196 2782 1237 2846 ab
1255 2781 1330 2845 Ari·

157 2892 290 2954 stoxeno
318 2887 457 2953 servavit
477 2887 669 2955 Ammonius
695 2890 739 2972 (p.
762 2889 808 2970 ὀμ
834 2879 939 2962 αἰδώς
959 2882 1016 2952 καί
1038 2880 1170 2973 αἰσχύνη
1191 2924 1233 2934 -
1255 2885 1330 2950 δια-

156 2992 286 3062 στέλλει
302 2990 340 3061 δὲ
350 2987 579 3081 Ἀριστόξενος
599 2988 618 3060 d
639 2990 801 3078 μουσικὸς
812 2990 872 3082 τὴν
893 2991 1064 3080 διαφορὰν
1085 2989 1120 3060 ἕν
1139 2996 1187 3080 τῷ
1208 2986 1330 3080 πρώτῳ

157 3094 247 3190 νόμῳ
261 3101 500 3170 παιδευτικαῑν·
525 3099 607 3190 φησί
621 3093 696 3188 γάρ·
719 3100 888 3190 διαφορὰν
907 3094 1008 3188 ιη’νδε
1028 3097 1200 3186 νομιστέον
1218 3095 1333 3180 αἰδοῦς

156 3232 190 3275 ss
210 3207 269 3276 καί
289 3202 454 3297 αἰσχύνης,
483 3206 536 3277 ὅτι
556 3202 577 3299 ἦ
597 3205 658 3293 μὲν
679 3202 783 3287 αἰδὼς
808 3207 895 3294 πρὸς
919 3204 1068 3299 ἡλικίαν,
1092 3207 1180 3295 πρὸς
1201 3202 1330 3298 ἀρετήν,

156 3317 241 3404 πρὸς
261 3314 455 3404 ἐμπειρίαν,
481 3314 566 3401 πρὸς
587 3311 749 3398 εὐδοξίαν.
789 3311 808 3382 ὁ
835 3315 898 3404 γὰρ
920 3313 1136 3402 ἐπιστάμενος
1155 3312 1331 3384 αἰδεῖσθαι

156 3423 243 3510 πρὸς
255 3420 396 3513 ἑκάστην
408 3428 475 3491 τῶν
496 3419 678 3514 εἰρημένων
697 3420 871 3512 ὑπεροχῶν
890 3421 1110 3512 προσέρχεται
1131 3423 1235 3505 οὕτως
1257 3427 1331 3492 δια-

156 3528 314 3620 κείμενος,
335 3526 374 3601 οὖ
391 3532 449 3600 διὰ
470 3531 510 3600 τὸ
530 3527 754 3623 ἡμαρτηκέναι
773 3556 816 3613 τι,
841 3526 930 3598 ἀλλὰ
952 3531 1067 3600 διὰτὸ
1090 3531 1253 3619 σέβεσθαι
1275 3530 1333 3600 καὶ

155 3644 256 3724 τιμᾶν
276 3639 337 3719 τὰς
351 3634 524 3729 οίρημίνας
543 3635 720 3728 ὑπεροχάς.
759 3635 780 3730 ἡ
804 3633 839 3707 d’
859 3634 992 3728 αἶσχίνη
1013 3645 1147 3725 πρῶτον
1167 3637 1228 3726 μὲν
1245 3639 1333 3724 πρὸς

156 3740 266 3815 πάντα
283 3741 481 3836 ἄνθρωπον,
497 3744 615 3817 ἔπειτα
629 3745 687 3816 snt
700 3750 772 3827 τοῖς
783 3745 1017 3833 νομιζομένοις
1030 3743 1185 3836 αἰσχροῖς.
1207 3750 1332 3818 Similia

156 3857 242 3925 haud
262 3880 367 3944 pauca
394 3859 464 3945 ipse
484 3858 677 3925 Aristoteles
697 3857 806 3925 habet.
848 3856 933 3925 Sunt
957 3859 1038 3925 haec
1056 3858 1183 3945 pulcra,
1209 3863 1332 3946 arguta,

156 3965 197 4032 ab
218 3967 329 4035 uelim
351 3967 450 4053 patrii
476 3967 635 4034 sermonis
661 3988 758 4033 sensu
778 3965 934 4050 profecte:
965 3967 1023 4032 sed
1044 3966 1123 4051 quid
1143 3989 1221 4033 usus
1243 3988 1331 4032 com·

156 4074 321 4140 miscuerit
341 4076 389 4157 (in
410 4075 611 4159 paucissimis
633 4077 742 4140 autem
761 4072 851 4138 illam
873 4074 914 4140 ab
937 4077 1011 4141 ortu
1032 4073 1243 4140 subtilitatem
1264 4096 1331 4141 ser·

156 4183 263 4263 ravit),
285 4182 365 4267 quid
386 4183 586 4250 consuetudo
608 4181 801 4267 scriptorum
822 4180 913 4262 ferat,
932 4181 996 4248 hoo
1016 4181 1064 4247 illi
1084 4181 1280 4267 philosophi,
1299 4185 1333 4248 et

156 4313 215 4357 suo
231 4290 364 4376 quidem
383 4290 462 4369 iure,
483 4311 637 4375 quaerere
658 4288 917 4374 supersederunt.
953 4289 1065 4376 Longe
1087 4289 1159 4373 plus
1180 4289 1330 4357 utilitatis
1348 4307 1380 4357 43

156 4403 225 4466 erat
246 4398 282 4464 in
303 4397 345 4463 iis
368 4397 659 4478 observationibus,
680 4419 761 4481 quas
783 4417 856 4461 cum
877 4397 917 4461 de
932 4394 1123 4475 civitatibus,
1145 4397 1183 4462 de
1205 4395 1332 4483 legibus
