3425 4934
574 317 596 367 1.
625 310 667 367 De
682 310 791 381 reliqua
806 318 879 374 faeie
895 317 1000 373 muudi.
1312 320 1368 383 173

284 479 352 562 §2
393 477 443 543 De
472 479 596 563 reliqua
624 481 705 549 facie
732 486 844 551 mundi
869 484 1033 551 Homerici
1060 483 1138 569 quid
1165 480 1370 548 Aristarchus

202 583 404 650 observatum
424 585 574 652 habuerit
596 610 634 655 ex
654 594 764 676 paucis
786 593 977 680 fragmentis
1000 590 1225 678 cognovimus:

287 694 316 775 1)
338 691 425 771 Quin
454 697 541 760 recte
566 694 682 765 Heden
709 704 743 766 et
767 699 938 767 Tartarum
965 697 1146 766 distinxerit
1172 697 1247 763 iude
1272 699 1371 781 patet,

202 800 290 885 quud
307 800 337 864 Θ
353 805 391 868 16
413 792 543 882 (τόσσον
564 797 672 886 ἔνερθ’
692 798 813 873 Ἀίδεω
836 803 920 873 ὅσον
941 800 1079 892 οὐρανός
1094 796 1157 871 ἐστ’
1174 797 1244 870 ἀπὸ
1264 797 1371 888 γαίης)

202 911 383 973 notaverat:
414 902 445 995 (ἡ
470 907 590 997 διπλῆ)
614 910 714 997 πρὸς
736 913 805 1003 τὴν
831 907 921 980 καθ’
941 911 1114 1001 Ὅμηρον
1133 914 1203 977 τοῦ
1223 906 1370 994 κόσμου

201 1010 320 1095 τάξιν.
370 1015 418 1084 Gf.
450 1018 564 1086 0225
593 1015 779 1107 ένερτέρους
807 1020 845 1089 ἀὲ
875 1022 971 1089 καλεῖ
998 1019 1056 1087 καί
1086 1013 1289 1102 οάρανίισνας
1314 1014 1372 1083 καί

202 1116 524 1211 ὑποταρταρίους
542 1123 600 1193 καί
618 1130 761 1208 Τιτᾶνας
780 1128 859 1209 τοὺς
878 1128 956 1216 περί
970 1124 1101 1213 Κρόνον
1120 1121 1231 1206 θεούς.
1266 1123 1300 1197 Ξ
1310 1132 1371 1195 279

203 1226 254 1297 ότι
269 1229 348 1310 τοὺς
361 1229 438 1315 περὶ
456 1226 583 1317 Κρόνον
600 1234 704 1314 θεοὺς
716 1233 981 1323 ὑποταρταρίους
1001 1229 1250 1322 προσαγορεύει.
1289 1232 1374 1299 Huic

202 1338 276 1406 loco
289 1341 353 1406 hoc
367 1340 589 1428 adiungamus.
628 1344 662 1407 Ψ
676 1350 716 1413 73
732 1340 786 1411 ὅτι
800 1342 895 1425 ἐκτὸς
914 1348 974 1411 τοῦ
995 1345 1150 1426 ποταμοῦ
1170 1335 1371 1407 ὑποτίθεται

201 1445 263 1524 τὰς
282 1449 348 1511 τῶν
370 1440 510 1537 ἆτᾶφων
530 1444 648 1533 ψυχάς.
689 1450 849 1521 Notatum
874 1457 1007 1539 propter
1029 1456 1203 1518 extremam
1225 1449 1293 1527 eu,
1315 1447 1372 1513 ubi

203 1556 313 1622 stetim
335 1557 479 1624 nondum
499 1558 619 1643 sepulti
638 1561 679 1625 ad
700 1561 821 1628 inferos
842 1562 1036 1648 perveniunt
1056 1560 1135 1644 (sch.
1157 1581 1184 1623 ιο
1208 1561 1249 1640 1).

285 1665 317 1748 2)
340 1663 487 1731 Oceanus
506 1665 623 1732 fluvius
644 1673 701 1734 est
740 1673 766 1732 Υ
787 1676 806 1737 7
829 1661 904 1734 eiius
922 1690 974 1746 τις
996 1658 1054 1732 οὖν
1073 1669 1245 1748 Ποταμῶν
1266 1656 1373 1749 ἀπέην

203 1762 299 1858 νόσφ’
319 1765 507 1839 Ὠκεανσῐοε
540 1767 573 1858 (ἡ
598 1773 717 1862 διπλῆ)
743 1773 796 1843 ὅτι
817 1774 972 1859 ποταμὸν
993 1772 1050 1842 καί
1071 1775 1103 1858 (i.
1126 1766 1178 1858 σά)
1196 1765 1373 1837 θάλασσαν

201 1875 261 1941 τὸν
284 1869 440 1944 Ὠκεανόν
472 1876 696 1965 παραδίδωσι.
741 1885 794 1951 Ab
826 1907 865 1952 eo
894 1884 1019 1971 relique
1049 1883 1184 1949 flumina
1214 1879 1373 1965 originem

202 1984 331 2051 habent
384 1990 415 2050 Φ
443 1994 501 2058 195
527 1991 575 2075 τῷ
603 1983 682 2057 οῦδὲ
710 1986 828 2077 κρείων
853 1983 1033 2072 Ἀχελώϊος
1064 1983 1255 2074 ἰσοφαρίζει
1283 1979 1374 2051 οὐδὲ

203 2088 475 2178 βαθυρρείταο
506 2092 606 2182 μέγα
639 2094 783 2177 σθένος
800 2093 1023 2183 Ὠκεανοῖο,
1058 2094 1096 2177 ἐξ
1123 2084 1227 2180 οὗπερ
1254 2092 1456 2170 cunctim)

203 2198 352 2284 ποταμοί
373 2200 430 2269 καί
450 2206 546 2270 πᾶσα
566 2200 744 2273 θάλασσαι
765 2200 798 2296 (ἡ
822 2207 930 2293 οιπλη
950 2200 1213 2291 περιεστιγμένη)
1236 2197 1288 2269 ότι
1307 2205 1375 2287 Ζη-

206 2302 342 2388 νόδοτος
367 2302 468 2378 αὗτόν
494 2305 554 2380 οῦκ
578 2308 717 2404 έγραφε·
747 2311 873 2401 γίνεται
902 2312 939 2381 δέ
965 2308 1167 2399 ὁἈχεληῦσς
1191 2307 1282 2398 πηγὴ
1309 2312 1375 2374 τῶν

206 2409 317 2482 ἀλλων
336 2416 479 2490 πάντων.
512 2416 582 2488 ἔστι
608 2419 645 2488 δέ
665 2417 745 2488 καθ’
764 2419 914 2511 Ὅμηρον
940 2415 1134 2499 ἀΏκεανὸς
1159 2411 1178 2487 ό
1200 2414 1376 2495 ἐπιδιδοὺς

204 2528 292 2591 πᾶσι
304 2524 346 2591 τὰ
360 2523 522 2614 ῥεύματα·
544 2528 598 2597 διὸ
618 2528 774 2598 καὶκατὰ
795 2527 897 2620 τιμήν
918 2553 1020 2621 φησιν
1040 2522 1142 2609 „ciicc
1162 2550 1214 2605 τις
1235 2516 1294 2594 σάν
1314 2548 1375 2590 πο·

205 2637 317 2717 ταμιῦν
334 2627 444 2723 ἀπέην
464 2632 559 2726 νόσφ’
580 2631 788 2710 Ὠκεανοῦοέέ.
822 2641 920 2708 Hunc
940 2661 1067 2708 versum
1088 2638 1152 2704 nisi
1169 2634 1374 2702 Aristarchus

206 2743 248 2809 ab
261 2744 393 2811 interitu
409 2747 587 2833 eripuisset,
609 2753 748 2834 quenme
762 2749 877 2817 turbae
897 2749 1053 2817 excitatae
1079 2748 1187 2812 essent
1205 2743 1303 2810 hodie
1323 2742 1374 2807 hie

207 2852 364 2919 derebus
386 2858 624 2939 quaerentibus.
1433 2850 1437 2858 ’

289 2965 321 3047 3)
347 2965 392 3026 Μ
413 2968 475 3032 239
501 2966 567 3030 τιῦν
591 2959 664 3032 oiim
691 2956 913 3053 μετατρέπομ’
942 2957 1016 3032 οὐδ’
1045 2954 1201 3047 ἀλεγίζω,
1235 2951 1291 3025 εἴτ’
1318 2953 1376 3024 ent

207 3062 289 3150 δεξί’
313 3062 393 3138 teat
418 3070 504 3157 πρὸς
527 3064 599 3138 Ἠῶ
625 3068 652 3138 τ’
677 3066 815 3140 Ἠέλιόν
838 3096 890 3153 τε,
925 3065 983 3139 ε’ίτ’
1017 3062 1069 3137 ἀπ’
1099 3063 1255 3154 ἀριστερὰ
1284 3059 1375 3150 τοίγε

207 3175 287 3245 ποτί
300 3173 406 3267 ζόφον
418 3172 591 3267 ἠερόεντα·
613 3173 646 3269 (ἡ
662 3182 781 3271 διπλῆ)
804 3178 856 3249 ότι
871 3174 932 3247 ceo
953 3173 1144 3256 διαστάσεις
1165 3166 1255 3243 οἶδεν
1267 3170 1376 3261 Ὅμη-

207 3308 265 3370 ρος
277 3285 449 3372 κοσμικάς,
473 3280 640 3375 ἀνατολὴν
653 3288 710 3357 καί
724 3283 831 3357 δόσιν·
853 3287 911 3357 καί
933 3285 1026 3370 δεξιὰ
1046 3283 1107 3371 μέν
1126 3282 1169 3350 τὰ
1190 3280 1276 3368 πρὸς
1297 3274 1375 3347 ἀνα-

206 3387 318 3473 τσλάς,
341 3387 498 3484 ἀριστερὰ
514 3393 551 3463 δι’
563 3394 605 3462 τὰ
619 3395 706 3482 πρὸς
726 3397 853 3482 ἀυσμὰς
874 3394 973 3483 λέγει.
1010 3396 1165 3465 Videmus
1178 3393 1280 3480 igitur
1292 3413 1376 3476 quo-

207 3504 305 3570 modo
324 3505 523 3591 acceperitis
548 3512 615 3589 190,
636 3510 866 3594 contraquam
888 3507 999 3574 Grates
1020 3506 1061 3591 (v.
1084 3503 1182 3571 schol.
1203 3504 1226 3585 β
1249 3502 1288 3585 1).

289 3614 322 3695 4)
342 3613 392 3679 De
411 3612 478 3680 sole
501 3614 666 3681 occidente
679 3614 840 3682 Humerus
862 3636 948 3681 nunc
969 3613 1048 3681 dicit
1062 3613 1190 3679 Oceano
1209 3607 1374 3694 submergi
1393 3624 1441 3676 115

207 3742 294 3786 nunc
313 3722 421 3787 subire
442 3726 575 3802 terram,
604 3728 638 3790 et
660 3724 724 3789 hoc
750 3723 881 3809 quidem
901 3723 935 3788 in
955 3722 1091 3788 hereum
1116 3738 1268 3804 persona,
1294 3714 1376 3781 illud

208 3829 363 3915 cumipse
383 3829 537 3917 loquitur.
571 3834 610 3896 H
623 3836 683 3898 422
702 3823 735 3917 (ἡ
752 3829 871 3916 διπλῆ)
893 3825 947 3894 ὅτι
968 3822 1068 3906 αὐτὸς
1086 3823 1148 3910 μέν
1170 3820 1208 3905 έξ
1217 3818 1376 3890 Ὠκεανοῦ

208 3929 400 4004 ἀνατέλλειν
418 3936 475 4004 καί
489 3932 537 4016 εἷς
547 3930 701 4008 Ὠκεανόν
722 3959 806 4028 φησι
827 3930 1057 4003 καταδύεσθαι
1076 3931 1135 4000 τὸν
1155 3927 1267 4020 ἥλιον·
1290 3922 1376 3999 ἀπό-

206 4067 267 4109 ταν
289 4041 326 4111 δέ
346 4040 530 4131 πρόσωπον
551 4041 698 4134 ἡρωϊκὸν
719 4040 846 4133 είσσίγη,
870 4039 954 4129 ὑπὲρ
976 4047 1037 4132 γῆν
1057 4039 1114 4108 καί
1133 4032 1201 4107 ἀπὸ
1223 4043 1284 4126 γῆς
1297 4039 1378 4126 (leg.

207 4145 292 4238 ἀπίρ
318 4157 377 4242 γῆς
399 4154 458 4223 καί
477 4150 544 4224 ὑπὸ
572 4159 633 4242 γῆν
653 4178 726 4222 cum
747 4153 1022 4238 Friedlaendem).
1063 4147 1101 4215 τὸ
1122 4141 1203 4214 αὐτὸ
1226 4145 1264 4213 δὲ
1284 4148 1380 4212 ποιεῖ

207 4261 266 4331 καί
287 4259 323 4329 έν
340 4257 525 4354 Ὀθυσσείη.
565 4266 595 4331 Θ
615 4270 676 4334 485
698 4256 730 4349 (ἡ
747 4261 865 4349 διπλῇ)
888 4257 942 4328 ὅτι
963 4252 1063 4335 αὐτὸς
1081 4253 1143 4339 μέν
1163 4249 1379 4334 είςὨκεανὸν

208 4368 349 4441 ἀόνσντα
370 4371 427 4440 καί
442 4369 479 4452 ἐξ
488 4365 646 4439 Ὠκεανοῦ
668 4367 841 4453 ἀνίσχοντα
860 4363 950 4455 λέγει
969 4364 1027 4434 τὸν
1044 4361 1153 4454 ἥλιον,
1176 4360 1213 4444 ἐξ
1231 4357 1378 4451 ἡρωϊκοῦ
