3425 4934
655 296 678 345 2.
707 288 906 360 mythologice.

693 459 876 545 Oedipus.

278 608 399 675 Thebis
416 608 561 688 moritur,
587 610 621 674 Ψ
640 616 707 680 679.
728 629 758 676 v.
783 633 881 697 supro
902 633 927 678 s.
951 608 1130 696 δουπῆσαι.

721 910 842 979 Paris.
1385 919 1433 973 187

277 1063 419 1130 Deorum
448 1065 611 1129 certamen
637 1066 670 1128 et
695 1060 820 1129 Paridis
849 1060 1003 1127 iudicium
1032 1060 1175 1127 Homero
1207 1061 1367 1148 ignotum.

194 1172 317 1240 Versus
337 1171 368 1235 Ω
392 1176 515 1240 25-30
537 1170 648 1256 spurii.
685 1170 737 1235 Ad
751 1170 783 1237 h.
797 1170 818 1236 l.
834 1168 1068 1235 Friedloender.
1101 1167 1171 1235 Nec
1192 1169 1368 1235 secundum

195 1279 373 1347 Homerum
396 1280 551 1346 educetur
572 1279 606 1344 in
628 1299 707 1364 egro
728 1276 829 1344 Paris.
867 1277 898 1340 Ω
920 1280 960 1344 23
983 1274 1117 1364 <BMV>.

665 1449 895 1459 ..-.—-——--

681 1608 887 1677 Patroclus

197 1771 277 1832 natu
298 1765 400 1831 maior
421 1786 518 1849 quum
538 1760 692 1829 Achilles.
732 1762 818 1830 3⁶94
834 1753 941 1849 ἠθείη
961 1755 1093 1852 κεφαλή
1099 1784 1110 1828 .·
1131 1756 1368 1851 προσφώνησις
1378 1765 1449 1836 (188)

196 1869 273 1939 νέου
294 1868 380 1955 πρὸς
402 1864 637 1957 πρεσβύτερον·
669 1867 773 1955 δῆλον
794 1858 853 1934 οὖν
874 1864 928 1936 ὅτι
952 1861 1174 1955 πρεσβύτερος
1188 1862 1369 1950 Ἀχιλλέως

196 1975 216 2048 ὁ
237 1975 444 2066 Πάτροκλος.
485 1979 551 2047 Res
573 1977 750 2045 certissime
776 1999 816 2044 ex
835 1979 876 2041 Λ
897 1984 966 2047 787.
1002 1976 1148 2045 Pertinet
1173 1979 1242 2045 sine
1268 1979 1366 2046 dubio

197 2091 238 2156 od
260 2088 420 2156 uthetesin
441 2089 477 2150 Π
496 2093 655 2165 tet-100,
676 2106 759 2170 quos
779 2089 870 2151 ratus
891 2089 941 2152 est
961 2087 1166 2154 Aristarchus
1187 2086 1367 2172 aquodam

197 2196 361 2264 confectos
388 2217 473 2273 esse,
502 2194 558 2280 qui
579 2192 739 2259 Achillem
759 2189 902 2259 Patrocli
930 2198 1107 2261 amatorem
1134 2215 1203 2261 esse
1230 2198 1366 2280 putaret

197 2304 342 2389 (Scilicet
367 2303 413 2369 sic
433 2302 597 2369 invenitur
618 2300 704 2386 apud
724 2300 920 2368 recentiores
942 2324 968 2368 e.
990 2324 1021 2390 g.
1044 2302 1129 2388 apud
1150 2301 1366 2389 Aeschylum.)

666 2471 897 2483 ——-

704 2617 857 2686 Peleus.

279 2776 299 2836 I
318 2779 376 2843 481
400 2765 433 2860 (ἡ
458 2771 576 2860 διπλῆ)
599 2766 653 2839 ὅτι
672 2763 893 2857 πρεσβύτερος
913 2768 1046 2858 Πηλεὺς
1070 2766 1235 2849 Φοίνικος.

653 3072 906 3140 Philoctetes.

277 3223 316 3291 ln
328 3224 450 3292 lemno
473 3226 653 3312 expositum
675 3225 851 3292 secundum
872 3225 1066 3292 recentiores
1087 3224 1121 3290 in
1141 3246 1240 3311 parve
1259 3225 1365 3293 insula

194 3333 329 3414 deserta,
350 3335 381 3397 B
403 3340 473 3402 722.

678 3582 882 3649 Poseidon.

279 3756 307 3798 r.
330 3734 458 3819 Apollo.
498 3734 670 3802 Praetereo
694 3732 769 3801 hoc:
801 3739 837 3799 N
855 3741 893 3804 21
921 3730 953 3823 (ἡ
978 3733 1096 3821 διπλῆ)
1122 3727 1176 3801 ὅτι
1200 3731 1285 3801 κατὰ
1305 3732 1366 3814 τὰς

194 3833 310 3924 Αἰγὰς
324 3836 470 3930 turturini
489 3840 550 3931 τὴν
572 3836 702 3930 οἴκησιν
722 3843 779 3906 τοῦ
794 3842 1010 3920 Ποσειδῶνος
1029 3835 1241 3923 ὑποτίθεται,
1265 3836 1367 3927 dicc-

193 3970 254 4014 τον
273 3942 483 4034 ἀνθρώποις,
507 3947 619 4035 ὥσπερ
642 3946 699 4016 ἐπὶ
722 3952 782 4015 τοῦ
801 3943 975 4035 Ὀλύμπου
995 3954 1060 4018 τῶν
1077 3945 1187 4018 ἄλλων
1207 3955 1300 4018 θεῶν
1320 3953 1367 4041 μὴ

196 4050 383 4142 ὁρωμένων.
417 4058 566 4126 Troianis
587 4059 724 4126 infestus
746 4063 879 4144 propter
899 4059 1150 4128 Laomedontem
1171 4062 1203 4125 Ω
1225 4066 1264 4130 23
1286 4064 1364 4147 (quo

194 4166 268 4231 loco
297 4188 356 4250 pro
386 4159 423 4232 οὗ
453 4166 511 4232 διὰ
535 4164 648 4252 χειρὸς
673 4168 719 4254 (p.
742 4173 803 4237 629
824 4189 844 4232 s
865 4175 905 4236 45
926 4167 998 4254 Be>
1024 4168 1104 4234 mihi
1132 4170 1367 4236 emendandum

195 4273 324 4341 videtur
346 4265 383 4339 οὗ
406 4272 464 4341 διὰ
485 4278 596 4356 τοῦτο,
620 4267 709 4342 ἀλλὰ
730 4272 788 4340 διὰ
809 4271 848 4340 τὸ
869 4279 1007 4357 τεῖχος.
1039 4299 1067 4344 r.
1092 4280 1124 4341 Φ
1144 4283 1227 4357 441).

666 4433 897 4446 --...-.--.-.,
