3425 4934
658 272 682 327 1.
704 268 746 325 De
763 268 944 328 athetasibus.
1010 306 1015 309 -
1322 278 1382 341 343

210 437 265 505 Sic
278 437 442 504 invenitur
460 438 663 524 prudentiam
684 461 757 505 cum
779 438 969 506 fortitudine
984 438 1197 506 coniunxisse.
1234 438 1384 505 Ceterum

210 546 296 612 illius
317 546 552 612 observationis
573 567 650 612 usus
672 551 741 612 erat
760 548 802 613 ad
816 545 975 613 Zenodoti
996 548 1169 614 lectionem
1190 544 1326 611 πολλῶν
1349 539 1381 610 δ’

211 644 404 739 ἀνθρώπων
427 646 500 718 ἴδεν
521 644 623 717 ἄστεα
645 650 702 719 καὶ
722 650 823 735 νόμον
845 649 928 738 ἔγνω
950 659 990 740 (v.
1013 654 1113 723 schol.
1134 653 1165 720 h.
1186 654 1221 737 l.)
1239 655 1383 721 refutan-

211 764 296 843 dam,
325 784 402 848 prae
429 762 561 848 egregio
583 752 662 828 νόον
687 761 805 828 malam
825 763 917 831 illam
943 769 976 829 et
996 763 1109 830 falsam
1131 762 1257 828 etiamsi
1279 763 1383 829 decies

210 865 315 954 νόμος
339 869 425 955 apud
454 869 634 936 Homerum
659 868 829 956 legeretur.
879 872 1014 938 Minime
1044 870 1198 936 audacem
1224 868 1323 936 firmae
1348 871 1383 936 in

210 982 278 1045 arte
293 978 404 1045 critica
416 977 639 1043 Aristarchum
653 976 737 1043 iufra
750 978 859 1044 dedite
880 1001 979 1064 opera
999 978 1217 1045 ostendemus:
1239 981 1382 1043 attamen

210 1082 421 1153 audacior‘eo
442 1083 516 1150 loco
538 1105 603 1170 quo
625 1085 760 1151 decebat
779 1089 813 1150 et
839 1086 996 1153 suadebat
1020 1087 1113 1152 ratio.
1152 1085 1285 1153 Etenim
1310 1108 1383 1152 cum

210 1193 421 1260 intellexisset
441 1195 493 1259 sat
512 1212 663 1278 magnam
683 1192 807 1278 copiam
821 1216 973 1259 versuum
986 1192 1111 1259 illatam
1125 1215 1195 1259 esse
1208 1193 1243 1258 in
1260 1191 1383 1258 Home·

210 1323 295 1381 rum,
321 1323 402 1386 quos
429 1300 614 1368 subdititios
642 1323 711 1367 esse
739 1302 879 1367 dubitari
905 1301 996 1367 uallo
1023 1302 1121 1368 modo
1143 1305 1266 1387 posset,
1295 1306 1382 1367 recte

210 1409 386 1475 iudicatum
412 1412 462 1474 est
488 1408 599 1475 eadem
626 1408 677 1474 via
702 1430 767 1494 qua
792 1413 923 1476 centum
947 1409 1020 1475 falsi
1046 1431 1157 1475 versus
1178 1410 1384 1495 irrepserunt,

212 1520 380 1583 sexcentos
406 1517 545 1602 irrepere
570 1517 728 1602 potuisse:
764 1520 797 1583 et
822 1518 849 1583 si
877 1517 961 1583 ratio
983 1519 1133 1584 suaderet
1152 1517 1278 1604 spurios
1299 1517 1383 1583 iudi·

211 1645 283 1689 care
304 1645 370 1689 non
391 1644 487 1709 posse
509 1625 637 1690 obstare
659 1625 747 1712 quod
767 1625 802 1691 in
822 1625 935 1692 multis
957 1627 1114 1692 suaderet
1153 1625 1199 1690 Et
1218 1624 1245 1690 si
1267 1646 1383 1691 conce-

211 1732 323 1798 damus
345 1732 379 1796 iu
400 1731 623 1818 persequendo
645 1733 796 1799 instituto
824 1733 865 1799 ab
887 1732 1115 1800 Alexandrinis
1141 1736 1173 1798 et
1194 1732 1381 1799 Aristarcho
1399 1745 1448 1798 349

210 1839 297 1904 baud
317 1861 389 1905 raro
411 1843 578 1926 peecatum
600 1862 678 1920 esse,
699 1840 734 1906 in
753 1840 921 1908 consilio
942 1841 1025 1906 nihil
1046 1844 1214 1927 peccatum
1233 1863 1302 1908 esse
1316 1841 1382 1908 for·

210 1947 287 2014 titer
308 1947 522 2032 defendimus,
548 1950 575 2014 si
603 1971 644 2015 ne
675 1971 761 2016 nunc
782 1948 914 2034 quidem
936 1948 997 2014 sibi
1017 1949 1210 2035 persuadere
1230 1953 1383 2035 potenmt

211 2056 329 2141 quibus
354 2078 480 2122 summa
504 2056 607 2124 critici
632 2056 703 2122 laus
727 2056 855 2123 videtur
879 2078 945 2123 non
966 2057 1064 2137 ratio,
1089 2078 1156 2122 non
1178 2056 1298 2135 cautio,
1326 2057 1383 2123 sed

209 2164 392 2251 trepidatio.
412 2199 454 2212 -
475 2163 557 2230 Tam
575 2164 696 2231 derude
716 2164 797 2230 mihi
819 2165 858 2230 de
880 2186 918 2230 ea
938 2186 973 2232 re
995 2165 1198 2231 scribendum
1221 2167 1290 2230 erat
1310 2187 1383 2231 cum

210 2272 349 2356 primum
363 2273 450 2339 hunc
469 2271 590 2338 librum
612 2273 753 2339 ederem:
777 2294 817 2338 ex
838 2294 903 2358 quo
925 2294 1002 2339 sane
1023 2276 1168 2358 tempore
1189 2271 1311 2338 factum
1333 2276 1383 2338 est

211 2382 248 2444 ut
268 2379 333 2444 iam
347 2401 441 2446 nemo
456 2380 583 2447 doctior
596 2384 690 2466 putet
702 2381 737 2446 in
752 2380 986 2466 antiquissimis
1000 2379 1066 2445 illis
1079 2380 1186 2465 poetis
1204 2379 1265 2445 hac
1286 2402 1384 2466 opera

211 2508 277 2551 uuo
299 2485 440 2553 alterove
460 2509 555 2553 versu
575 2488 702 2555 uncinis
722 2488 849 2556 incluso
872 2488 1005 2575 dehingi
1031 2488 1136 2554 licere
1175 2487 1383 2554 Aristarchus

213 2616 310 2680 quam
330 2594 445 2681 grandi
470 2616 596 2681 gressu,
621 2594 734 2681 μακρὰ
759 2589 876 2680 βιβάς,
902 2596 966 2663 hoc
990 2595 1131 2681 spatium
1157 2585 1310 2662 emensus*
1332 2596 1383 2676 sit,

212 2725 339 2769 summa
357 2702 526 2769 admiratio
548 2707 605 2771 est.

291 2809 330 2879 X.
367 2809 533 2879 Zenodoto
548 2813 778 2879 vocabulorum
794 2813 1041 2879 Homericorum
1060 2833 1173 2897 parum
1191 2832 1293 2897 gnaro
1308 2833 1382 2877 cum

210 2919 359 3004 vulgares
374 2919 626 3006 significationes
641 2920 808 2986 adhiberet
822 2920 980 3004 quaedam
1001 2941 1097 2985 sensu
1122 2920 1254 2986 omnino
1274 2942 1381 2986 carere

211 3027 263 3093 vel
283 3026 418 3094 ridicula
438 3026 637 3094 videbantur.
678 3027 768 3093 Haec
793 3026 848 3094 ille
872 3049 939 3094 non
960 3031 1089 3113 poterat
1109 3048 1175 3094 non
1195 3027 1278 3093 falsa
1297 3026 1382 3093 iudi·

212 3157 293 3201 care.
336 3133 389 3201 Sic
415 3134 537 3201 factum
562 3139 593 3198 Φ
614 3139 675 3203 538
697 3134 785 3220 quod
808 3157 875 3202 non
896 3135 1059 3203 intellexit
1084 3130 1173 3225 φάος
1193 3136 1256 3202 dici
1277 3135 1382 3214 „salu-

211 3246 309 3326 tem“‚
329 3245 367 3307 ut
386 3247 419 3305 Z
436 3249 466 3312 6.
508 3242 562 3310 Sic
582 3246 622 3308 A
641 3250 717 3320 510,
741 3242 829 3328 quod
852 3242 988 3309 nescivit
1011 3237 1111 3331 τιμήν
1134 3265 1203 3310 esse
1224 3243 1287 3310 hoc
1308 3243 1463 3328 loco(eos)

212 3355 250 3415 ut
274 3372 370 3437 saepe
396 3351 430 3416 in
452 3350 632 3418 Homericis
653 3353 673 3419 i
695 3374 725 3438 q.
748 3343 920 3433 τιμωρίαν.
962 3349 1052 3417 Haeo
1077 3355 1114 3417 ut
1132 3351 1383 3418 accuratioribus

212 3458 327 3525 studiis
346 3458 382 3524 in
402 3458 546 3525 Homero
567 3459 682 3544 positis
702 3460 737 3524 in
758 3459 923 3544 integrum
952 3459 1103 3525 restituta
1126 3463 1216 3540 sunt,
1244 3460 1289 3524 sic
1311 3459 1383 3524 dili-

213 3588 295 3652 gens
309 3569 342 3632 et
360 3566 489 3633 assidua
507 3567 664 3634 sermonis
685 3566 953 3652 antiquitatisque
967 3566 1158 3633 Homericae
1177 3567 1383 3652 investigatio

212 3674 388 3741 multorum
413 3673 630 3760 suspicionem
655 3674 757 3741 movit
779 3673 830 3740 vel
851 3673 1061 3740 confirmavit.
1103 3674 1193 3741 Haec
1213 3696 1287 3740 vere
1308 3677 1385 3740 sunt

213 3778 344 3868 πολλῆς
367 3775 488 3867 πείρας
510 3779 683 3847 τελευταῖοι
709 3774 946 3869 ἔπιγοοήμοοο.
981 3781 1045 3848 Hic
1071 3781 1161 3849 locus
1183 3786 1241 3862 est,
1261 3783 1296 3847 in
1318 3803 1383 3867 quo

214 4000 249 4055 de
261 4016 291 4055 re
302 4002 381 4055 metr.
393 4018 422 4071 p.
434 4000 503 4069 371),
524 3998 634 4055 eumd
645 3999 852 4055 substantivum
864 3997 953 4054 inesse
965 4002 1056 4070 putes,
1075 3999 1151 4068 quod
1162 3996 1384 4064 incertissimum,

215 4082 368 4155 quidquam
392 4101 539 4141 commune
559 4085 648 4141 habet
669 4102 733 4141 eum
755 4083 876 4155 legibus,
898 4084 947 4139 sed
971 4100 1035 4138 cum
1059 4082 1177 4155 pascuis
1205 4083 1385 4155 Significatur

213 4164 385 4226 Βουκολίων
401 4168 502 4240 aliquis
519 4168 564 4225 vel
580 4161 761 4241 Ἱππόβοτος.
796 4168 830 4223 ld
847 4172 877 4224 et
893 4167 935 4223 illi
952 4170 1098 4223 senserunt
1115 4167 1165 4238 qui
1181 4159 1284 4225 Ἄνθέο
1299 4166 1384 4223 finxe-

213 4255 281 4311 runt
300 4255 451 4324 Νομίονος
470 4254 559 4309 filium
581 4254 612 4310 in
633 4254 730 4309 fabula
751 4253 828 4325 apud
849 4252 1025 4309 Antoninum
1046 4250 1203 4309 Liberalem
1225 4251 1332 4322 quinta
1350 4281 1385 4292 -

213 4332 284 4405 ‚aba
301 4336 334 4397 a
350 4344 455 4408 νομοῖς
471 4329 543 4397 ὀΐων
555 4340 671 4407 Nealce
687 4341 791 4409 φίλον·
808 4337 899 4395 Noun
917 4337 982 4391 XIV
999 4341 1040 4391 92.
