3425 4934
353 298 393 360 6ss
440 289 475 348 II.
504 289 545 346 De
563 290 742 345 Adsturohea
758 291 957 347 vocabulorum
974 291 1185 347 Homericorum
1201 291 1440 362 interpretatione.

357 460 474 527 Υ475.
508 462 544 521 X
562 462 630 526 326.
660 462 772 538 χ328.
801 466 892 539 χ97.
928 453 1045 544 οὐλήν,
1072 453 1130 546 τήν
1155 455 1239 525 ποτέ
1262 482 1321 541 μιν
1342 462 1400 537 σῦς
1419 453 1524 548 ἤλασε

352 563 459 651 λευκῷ
483 557 598 631 ὀδόντι
622 588 641 629 τ
662 571 731 636 393.
759 574 878 651 φ219.
906 576 1006 655 674.
1034 590 1060 631 ω
1083 572 1154 636 332.
1184 591 1204 632 τ
1224 575 1296 638 449.
1318 575 1388 636 465.
1411 607 1453 616 -
1475 567 1521 634 Gi

351 679 447 756 0278
461 667 509 759 μή
523 666 615 750 ried
632 667 775 739 ἔκτοσθε
796 672 916 762 νοήσας
936 666 1077 763 ἢβύλη
1098 667 1120 762 ἢ
1140 671 1252 764 ἐλάσῃ,
1277 677 1329 742 cui
1349 676 1524 762 respondet

351 786 411 850 283
444 772 482 845 ού
516 772 578 864 γύρ
609 803 644 847 τι
669 777 822 870 πληγέων
847 773 1011 870 ἀδαήμων
1038 778 1115 847 οὐδὲ
1138 781 1280 865 βολάων.
1324 783 1396 849 Hoc
1422 784 1523 870 igitur

352 890 472 969 docuit,
499 912 604 975 neque
633 912 708 956 vero
737 912 776 956 eo
804 891 968 976 pertinent
993 889 1041 954 illi
1067 889 1145 967 loci,
1174 891 1229 976 qui
1250 890 1390 976 Didymo
1416 892 1521 975 impo-

350 1000 492 1075 suerunt
513 997 631 1081 quibus
654 999 732 1077 (sive
746 1000 921 1063 mittuntur
934 996 1000 1063 tela
1014 997 1080 1062 sive
1099 1020 1200 1083 prope
1221 998 1379 1085 figuntur)
1402 998 1522 1063 dictum

349 1108 399 1169 est
419 1096 571 1168 ἐλαύνειν
588 1098 725 1185 χαλκόν,
749 1098 874 1182 ὀϊστόν,
901 1106 970 1172 sim.
994 1101 1029 1169 ἐν
1042 1104 1102 1188 νεὶ,
1124 1106 1212 1189 quod
1226 1105 1354 1193 saepius
1376 1106 1523 1184 occurrit,

349 1205 407 1275 διά
430 1217 463 1278 et
488 1206 631 1297 διαπρό,
662 1236 689 1278 e.
711 1234 742 1298 g.
763 1202 785 1300 ἦ
804 1214 848 1296 ῥα
876 1209 933 1278 καὶ
960 1208 995 1276 ἐν
1021 1210 1121 1297 decepi
1147 1207 1245 1276 σάκεϊ
1266 1205 1356 1277 ἐλασ’
1381 1205 1523 1295 ὄβριμον

348 1311 441 1402 ἔγχος
470 1323 586 1390 Υ259.
614 1326 684 1389 269.
710 1316 907 1407 μεταφρένῳ
932 1316 968 1384 ἐν
994 1315 1073 1401 δόρυ
1101 1319 1206 1405 πῆξεν
1228 1317 1325 1402 ὤμων
1350 1312 1521 1405 μεσσηγύς,

282 1429 337 1499 (78)
351 1424 408 1491 διὰ
431 1422 469 1491 δὲ
489 1422 676 1516 στήθεσφιν
697 1424 835 1493 ἐλαοσεν
856 1428 887 1490 Ε
897 1434 947 1496 40.
969 1432 1008 1491 Λ
1021 1433 1091 1497 448.
1114 1428 1153 1495 cf.
1171 1432 1207 1492 X
1218 1434 1289 1498 284.
1312 1420 1424 1504 ὀιστὸς
1443 1422 1522 1512 ὤμῳ

348 1529 396 1599 ἐνὶ
417 1538 565 1620 στιβαρῷ
585 1528 733 1624 ἠλήλατο
755 1538 785 1600 Ε
803 1542 866 1603 466
887 1539 947 1601 cet.
990 1534 1043 1600 En
1064 1537 1195 1601 tertium
1218 1536 1400 1621 exemplum
1423 1537 1522 1602 reris-

347 1642 447 1708 aimae
479 1643 713 1710 observationis
739 1643 965 1709 Aristarcheae
994 1644 1035 1708 ab
1067 1643 1232 1728 discipulis
1264 1644 1417 1709 detortae.
1458 1643 1522 1709 Sed

346 1771 449 1834 paene
471 1750 592 1817 oblitus
607 1773 695 1816 eram
716 1752 880 1836 praecepti
893 1751 1092 1816 Aristarchei
1113 1755 1229 1817 testem
1251 1752 1345 1818 ciere.
1379 1752 1520 1816 Ariston.

347 1858 389 1923 ad
408 1860 448 1921 Λ
466 1865 507 1928 68
529 1852 633 1943 ἐν’γμον
655 1854 852 1924 ἐλαύνωσινε
881 1850 901 1947 ἦ
924 1855 1029 1948 διπλῆ
1051 1855 1103 1924 ὅτι
1123 1855 1162 1925 τὸ
1184 1853 1348 1923 ἐλαύνωσι
1363 1856 1522 1943 τύπτεται

346 1962 403 2030 καὶ
423 1956 560 2053 τίθησιν
580 1962 639 2032 ἐπὶ
657 1968 716 2056 τῆς
736 1962 774 2032 ἐν
793 1962 906 2049 χειρὸς
925 1965 1054 2055 πληγῆς
1073 1964 1112 2032 τὸ
1134 1962 1260 2033 ἐλάσαι.
1302 1967 1347 2033 cf.
1370 1965 1521 2050 Apollon.

345 2071 407 2141 lex.
435 2074 477 2139 H.
503 2069 684 2140 ἐλαύνοντα
714 2069 911 2157 θερίζιοσιν·
945 2068 965 2162 ἡ
997 2071 1058 2159 γὰρ
1085 2070 1123 2139 ἐκ
1149 2071 1260 2157 χειρὸς
1284 2070 1387 2161 τύψις
1406 2069 1522 2149 ἔλασις

344 2184 586 2268 μεταφορικῶς.
616 2176 737 2247 ἐλάσαι
751 2179 866 2267 γὰρτὸ
889 2179 926 2247 ἐκ
945 2179 1055 2268 χειρὸς
1074 2173 1190 2267 τύψαι.
1226 2180 1314 2247 Suid
1328 2175 1521 2246 ἐλαύνουσιν

345 2281 530 2379 αἰτιατικῇ·
553 2282 658 2375 ύγμον
679 2287 866 2357 ἐλαύνουσι·
887 2283 1056 2354 τύπτουσι.
1090 2291 1218 2354 τιθεῖσι
1239 2290 1273 2372 (l.
1293 2283 1442 2373 τίθησιν)
1465 2283 1522 2352 ἐπὶ

344 2399 405 2482 τῆς
427 2392 464 2462 ἐκ
482 2395 594 2481 χειρὸς
613 2397 742 2488 πληγῆς
761 2396 801 2465 τὸ
823 2391 945 2463 ἐλάσαι
958 2393 1115 2484 Ὄμηρος·
1148 2396 1195 2465 Cf.
1217 2396 1317 2463 schol.
1340 2401 1441 2473 ⁶132,
1466 2396 1520 2460 ubi

345 2506 410 2570 iam
425 2505 611 2573 certissimis
626 2508 771 2594 vestigiis
785 2506 1009 2573 Aristarcheos
1028 2526 1193 2590 agnosces.
1224 2504 1310 2569 Vera
1324 2504 1517 2579 observatio,

346 2634 541 2699 quamquam
555 2613 639 2679 mele
654 2615 839 2681 adhibuisse
860 2615 987 2679 videtur
1000 2613 1041 2678 ad
1056 2609 1158 2698 ὄγμον
1179 2606 1340 2689 ἐλαύνειν,
1363 2612 1427 2677 iam
1449 2633 1519 2676 eam

229 2778 231 2783 .
346 2719 388 2784 ob
410 2741 540 2785 causam
562 2723 649 2801 (nam
675 2722 715 2786 de
741 2721 979 2808 significatione
1005 2743 1074 2791 voc.
1097 2714 1201 2805 ὄγμος
1222 2742 1309 2785 nunc
1330 2741 1396 2784 non
1419 2741 1519 2803 quae·

343 2829 482 2910 rem³⁸),
512 2829 601 2912 quod
621 2849 688 2894 non
710 2829 772 2894 dici
792 2834 903 2914 potest
922 2823 1058 2894 τύπτειν
1078 2821 1235 2907 στάχυας,
1265 2828 1322 2893 sed
1344 2827 1519 2912 requiritur

344 2935 395 2999 cui
426 2936 593 3015 caedendi,
626 2939 659 3001 et
688 2936 855 3003 decidendi
881 2938 972 3003 notio
999 2937 1145 3002 subiecta
1169 2937 1219 3003 sit.
1250 2974 1291 2986 -
1317 2936 1520 3022 Cognoverat

344 3042 442 3106 etiam
460 3063 499 3107 ex
520 3042 578 3107 ille.
598 3043 823 3110 observatione
845 3044 1051 3110 Aristarchus
1073 3043 1180 3110 solum
1201 3048 1288 3110 recte
1309 3044 1406 3109 scribi
1427 3064 1444 3106 ε
1461 3046 1518 3109 132

343 3153 377 3215 et
389 3173 410 3235 η
424 3154 486 3218 250
500 3148 584 3226 Ζεὺς
597 3144 697 3228 ἐλσας
710 3147 848 3217 ἐκέασσε
866 3149 960 3239 μέσῳ
982 3147 1031 3217 ἐνὶ
1052 3145 1169 3219 οἴνοπι
1190 3147 1313 3238 πόντῳ,
1334 3172 1409 3229 non,
1432 3149 1519 3234 quod

343 3256 528 3324 Zenodotus
549 3261 706 3338 tenuerat,
728 3252 868 3337 ἐλύσαςε
889 3284 918 3326 τ.
942 3260 1067 3327 scholia
1087 3261 1129 3328 ad
1150 3259 1260 3327 locum
1281 3260 1431 3345 priorem.

293 3467 326 3518 oc
426 3447 489 3532 65.
525 3446 618 3526 Quod
634 3449 765 3533 quidam
779 3450 1048 3535 philosophorum
1064 3453 1103 3517 de
1125 3474 1243 3537 genere
1265 3451 1406 3516 humano
1429 3449 1517 3515 dire·

342 3559 432 3635 runt,
461 3577 525 3639 quo
546 3557 680 3641 propius
702 3558 743 3621 ab
766 3557 892 3644 origine
912 3581 970 3624 sua
992 3558 1146 3638 abfuerit,
1168 3581 1206 3624 eo
1228 3558 1386 3644 integrius
1407 3556 1517 3634 fuisse,

342 3662 375 3726 id
403 3662 441 3727 de
469 3663 635 3729 vocubulis
663 3664 863 3729 verissimum
890 3669 947 3732 est.
981 3663 1056 3743 Ille,
1086 3667 1142 3751 qui
1168 3667 1253 3750 apud
1279 3665 1457 3730 Homerum
1483 3664 1517 3727 in

341 3769 488 3861 plurimis
518 3770 618 3848 valet,
655 3771 722 3835 suis
752 3773 913 3857 certisque
943 3772 1062 3839 finibus
1096 3774 1274 3858 descriptus
1305 3794 1382 3837 usius
1412 3792 1472 3836 nec
1498 3792 1518 3835 a

341 3877 472 3964 tragicis
493 3877 640 3963 lyricisve
655 3900 715 3943 neo
730 3878 771 3944 ab
788 3881 888 3963 epicis
902 3878 955 3945 vel
969 3881 1206 3966 antiquioribus
1220 3879 1272 3946 vel
1287 3902 1368 3964 quos
1382 3877 1517 3943 Homeri

406 4104 433 4145 ³⁸
449 4101 542 4158 Herm
565 4102 600 4157 de
623 4102 711 4158 dram
729 4118 799 4157 com.
819 4105 870 4157 ant.
889 4102 940 4174 Op.
959 4104 974 4158 l
991 4122 1019 4175 p.
1038 4110 1081 4160 56.
1102 4103 1179 4160 Voss.
1199 4103 1236 4157 ad
1254 4103 1347 4171 hymn.
1366 4101 1444 4156 Dem.
1463 4107 1512 4157 456

340 4189 370 4241 et
386 4186 424 4240 nd
441 4187 519 4245 Aret.
538 4192 595 4244 748.
618 4184 729 4241 Frenlre
747 4188 784 4242 ad
801 4188 899 4257 hymn
916 4187 934 4242 l.
952 4187 970 4243 l.
988 4192 1018 4244 et
1034 4205 1107 4258 quae
1123 4203 1213 4258 nuper
1231 4186 1310 4242 dedit
1325 4186 1356 4240 in
1374 4186 1432 4240 eiue
1448 4184 1514 4238 libri

340 4284 456 4325 censura
478 4271 638 4342 Spitznerne
661 4270 823 4342 <Hallesche
845 4272 956 4341 allgem.
979 4271 1182 4328 Literetmaeit.
1204 4268 1422 4340 Erganzungsbl.
1448 4273 1513 4324 1836

339 4373 380 4411 nr.
398 4360 431 4411 84
449 4373 477 4426 p.
497 4358 569 4425 flul).
