3425 4934
631 336 654 387 1.
676 330 718 387 Do
735 333 904 390 accentibus.
1290 333 1352 397 257

185 495 354 580 dubie)¹⁶⁵.
368 531 408 542 -
423 496 573 564 Ceterum
594 499 621 565 si
642 499 797 587 hocloco
818 502 978 567 rationem
998 499 1101 566 solam
1121 497 1214 583 sequi
1234 495 1435 562 voluis-(²⁶9)

185 607 235 668 set
248 603 454 670 Aristarchus
475 606 648 674 verendum
670 612 720 676 est
739 632 779 675 ne
800 609 939 695 turpiter
959 609 1077 674 ruisset
1096 629 1160 673 neu
1181 603 1354 690 paradosin

185 715 252 776 tam
278 711 404 777 facilem
430 711 606 781 habuisset.
647 715 779 783 Etenim
804 718 839 783 in
865 716 915 784 his
943 716 1093 783 omnibus
1118 712 1250 780 mascul.
1275 712 1310 775 in
1332 731 1354 774 α

186 840 318 884 casuum
339 820 561 889 confusionem
583 845 652 890 esse
674 827 800 910 putavit
820 827 872 910 (nt
892 823 1109 906 Herodianus)
1130 823 1169 885 Π
1188 825 1247 890 185
1269 810 1355 883 ἀκό-

184 1057 256 1114 ται,
286 1028 359 1101 ἀντὶ
382 1039 441 1102 τοῦ
462 1030 643 1127 ἇκακήτης,
668 1034 714 1118 ὡς
733 1043 933 1122 κυανοχαῖτα
960 1032 1032 1104 ἄντί
1053 1040 1110 1103 τοῦ
1131 1026 1356 1121 κυανοχαίτης.

185 1141 226 1211 V.
249 1143 289 1208 ad
311 1147 346 1207 N
364 1150 434 1215 503.
461 1148 492 1211 Β
516 1155 583 1218 107.
623 1147 687 1216 Sed
715 1150 934 1216 vocativorum
960 1147 1093 1236 regulae
1119 1145 1175 1212 illa
1195 1144 1258 1211 tria
1278 1143 1356 1209 item

186 1252 316 1333 absona,
338 1275 366 1320 v.
386 1253 506 1322 Herod.
529 1259 568 1321 A
590 1264 658 1325 175.
681 1264 751 1327 508.
772 1266 841 1327 540.
878 1256 921 1324 Io.
944 1256 996 1322 Al.
1021 1261 1066 1324 13.

268 1462 288 1546 ὅ
309 1469 338 1530 5.
373 1463 434 1529 His
455 1465 547 1531 iactis
568 1465 786 1533 fundamentis
800 1466 1043 1551 Aristarcbique
1064 1464 1100 1530 iu
1119 1463 1279 1550 ponendis
1301 1484 1355 1528 ac·

187 1568 334 1635 centibus
367 1572 464 1658 louge
494 1577 626 1658 patente
659 1576 784 1641 ratiorm
811 1575 999 1641 confirmata
1024 1594 1118 1659 spero
1149 1595 1201 1638 me
1227 1575 1356 1657 paratos

186 1675 299 1743 iecisse
325 1677 462 1745 lectores
486 1681 527 1747 ad
553 1704 698 1767 eaquae
725 1683 912 1748 difficillima
942 1683 983 1748 ad
1003 1680 1260 1767 perspiciendum
1281 1682 1357 1744 sunt

186 1806 223 1849 ac
244 1786 297 1851 vix
318 1790 406 1852 certo
428 1788 595 1856 diiudicari
615 1794 769 1875 poterunt
788 1812 915 1857 mecum
937 1789 1154 1876 disceptanda

269 1897 299 1957 Γ
317 1901 358 1963 20
380 1890 485 1974 οὕτως
505 1891 523 1961 ὁ
541 1890 755 1983 Ἀρίσταρχος
778 1900 999 1985 προπτρισπᾷ
1018 1896 1197 1984 δηϊοτῆτι
1218 1887 1265 1972 ὡς
1286 1887 1357 1958 ἀπὸ

186 1993 342 2080 ὀξυτάτου
368 1994 520 2083 εὐθείας·
554 2002 592 2073 τὸ
619 2002 658 2072 dd
689 1998 877 2096 κεφάλαιον
907 2001 1079 2072 ἐκτέταται
1107 1998 1143 2068 ἐν
1167 2005 1207 2092 τῇ
1233 1994 1359 2090 Ἰλιακῇ

185 2104 371 2198 προσῳδίᾳ.

269 2216 478 2287 substantiva
492 2222 526 2288 in
541 2217 618 2310 ότης
631 2224 810 2309 antiquitus
831 2245 899 2290 non
920 2222 1002 2289 altas
1017 2222 1051 2287 in
1073 2241 1220 2287 sermone
1235 2219 1356 2286 Graeco

186 2327 309 2392 radices
332 2331 477 2410 egerant;
503 2328 665 2398 Homerus
686 2354 742 2398 sex
762 2331 862 2398 habet
884 2325 1034 2419 φιλότης,
1058 2324 1180 2415 νεότης,
1204 2322 1356 2412 κακότης,

187 2425 294 2521 ίότης,
323 2432 455 2522 όηϊατης
481 2441 514 2502 et
535 2440 623 2523 quod
643 2439 794 2506 dubitant
813 2444 924 2506 utrum
946 2431 1110 2524 όνδροτής
1130 2438 1174 2503 sit
1194 2458 1236 2501 an
1258 2427 1358 2520 ἁδρο-

186 2535 310 2626 ῑήςίθθ.
355 2543 463 2611 Crevit
488 2546 723 2613 abstracturum
749 2550 924 2615 necessitas
950 2548 984 2613 in
1005 2545 1125 2613 scholis
1147 2542 1358 2631 philosopho·

186 2671 258 2715 rum
284 2651 384 2736 (quod
410 2652 603 2719 desiderium
631 2660 744 2740 postea
769 2657 868 2723 etiam
893 2677 999 2721 sermo
1020 2654 1162 2741 vulgaris
1184 2675 1280 2738 saepe
1302 2650 1358 2716 ad·

186 2758 311 2824 iectivis
332 2762 461 2845 generis
480 2763 587 2829 neutri
607 2762 753 2846 lenibat),
774 2765 862 2830 etin
883 2764 935 2828 his
955 2762 1075 2829 scholis
1096 2760 1226 2848 propria
1247 2780 1358 2825 eorum

187 2867 279 2933 sedes
294 2872 327 2933 et
347 2890 505 2935 novorum
527 2871 785 2937 excudendorum
806 2871 936 2937 officina
956 2871 1026 2949 fuit,
1047 2873 1085 2934 ut
1097 2866 1277 2934 Lobeckius
1300 2866 1358 2931 do-

188 2974 255 3040 cuit
276 2975 316 3040 ad
336 2974 455 3062 Phryu.
469 2980 590 3047 350117.
625 2978 710 3046 Dein
732 3001 844 3045 omnes
866 2978 1004 3045 technici
1025 2976 1245 3060 frequentaut3
1265 2971 1359 3059 panl-

256 3212 294 3256 ¹³⁶
310 3210 351 3267 De
369 3207 499 3282 είρόσπα
517 3212 629 3270 excidit.

257 3297 294 3339 ¹⁶⁰
310 3295 442 3366 Plerique
453 3295 640 3353 recentiorum
658 3298 800 3370 epicorum
817 3302 850 3355 ut
867 3297 1042 3354 substantiva
1059 3295 1090 3352 in
1107 3295 1158 3367 ύνη
1174 3293 1359 3350 immoderate

188 3384 335 3449 auxerunt,
352 3380 391 3437 sio
408 3381 438 3435 in
457 3399 527 3452 οτης
542 3382 613 3438 haec
629 3382 778 3440 Homerica
795 3383 937 3441 exhibent.

257 3467 295 3508 ¹⁶7
311 3465 353 3521 De
370 3461 501 3537 ποιότης,
519 3466 596 3537 quod
607 3465 688 3523 Plato
700 3467 789 3533 linxit,
809 3468 921 3524 accedit
931 3468 1016 3525 schol
1028 3467 1100 3523 Plat.
1112 3465 1150 3521 ad
1161 3464 1276 3520 Theaet.
1291 3469 1359 3520 182·

189 3551 224 3620 (p.
244 3552 312 3621 303).
344 3549 386 3607 De
408 3549 453 3615 iis,
479 3568 551 3622 quae
573 3570 637 3608 oum
658 3545 841 3625 τραπεζότης
863 3557 892 3610 et
913 3547 1061 3624 κυαθότης
1081 3550 1269 3622 comparanda
1285 3551 1357 3613 sunt,

187 3634 273 3690 schol
291 3635 403 3692 Aristid
422 3642 480 3701 155,
498 3641 538 3693 31.
569 3635 658 3703 Ουτοι
674 3637 744 3694 haec
760 3637 841 3693 Plato
859 3636 1033 3695 adamaverit
1048 3639 1161 3708 praeter
1178 3626 1358 3705 διαφορότης
1369 3603 1440 3674 (269)

188 3736 240 3789 pro
258 3722 387 3791 διαφορά
403 3722 576 3778 demonstrat
597 3721 746 3793 όικαιότης
762 3722 885 3793 (Promg.
904 3725 981 3780 sest.
1004 3722 1088 3793 Gorg.
1107 3721 1196 3792 508⁸).
1211 3748 1247 3762 -
1262 3719 1296 3774 ln
1313 3716 1357 3781 iifl,
1374 3685 1419 3737 ²⁰¹

188 3820 261 3872 quae
273 3820 348 3860 nunc
360 3803 395 3861 de
406 3806 449 3861 his
460 3805 642 3863 substantivis
653 3807 828 3875 Herodianus
840 3807 955 3864 exhibet
971 3802 1035 3881 περ.
1052 3825 1117 3877 μου.
1136 3810 1161 3862 λ.
1179 3824 1206 3877 p.
1218 3811 1260 3861 10.
1278 3823 1306 3875 p.
1318 3807 1360 3865 33.

188 3904 246 3944 uon
262 3892 357 3959 potest
372 3890 510 3963 scripsisse
528 3891 604 3962 quod
620 3892 726 3962 legitur
742 3911 769 3964 p.
789 3897 837 3958 33,
858 3896 889 3948 19
908 3892 954 3962 (cf.
973 3894 1016 3961 10)
1034 3888 1161 3962 αἰνότης.
1196 3884 1235 3948 τὰ
1251 3889 1295 3955 εἰς
1310 3904 1362 3957 της

186 3974 315 4044 λήγοντα
326 3970 439 4045 θηλυκὰ
450 3975 594 4034 σῦόίπυτε
611 3966 669 4033 dud
687 3988 738 4048 της
755 3996 806 4042 νος
823 3981 1011 4047 καταληξεως
1026 3978 1170 4049 παρήχθη.
1199 3975 1362 4046 σημειῶδες

186 4050 246 4131 ἄρα
262 4052 300 4114 τό
316 4052 435 4131 αίνότης
452 4055 554 4131 ὄνομα.
583 4059 728 4128 Quomodo
745 4078 810 4117 eum
827 4062 925 4133 fugere
942 4063 1055 4132 poterat
1071 4059 1247 4117 uotimimum
1265 4051 1360 4115 δεινό-

186 4143 260 4215 rac?
281 4137 404 4216 δανότης
424 4144 484 4217 ipse
502 4145 599 4203 attulit
616 4163 650 4203 ex
668 4145 805 4217 Sophocle
823 4147 862 4217 (p.
879 4152 925 4212 40,
946 4148 997 4215 12).
1026 4146 1175 4203 haeterea
1192 4162 1244 4202 uec
1260 4145 1360 4215 ignota

186 4220 323 4299 μανότης,
339 4223 490 4301 χαυνότης,
507 4226 690 4301 ταπεινότης,
705 4222 875 4302 πιθανότης,
888 4223 1039 4301 σεμνότης,
1051 4247 1123 4301 quae
1135 4234 1211 4287 certe
1224 4248 1266 4300 co,
1283 4230 1360 4301 quod

186 4330 262 4370 nune
274 4312 353 4380 dicit,
370 4329 428 4369 non
440 4315 633 4372 excluduntur.
662 4314 743 4382 Quod
754 4313 877 4385 primum
894 4314 1016 4372 occurrit
1032 4332 1083 4385 pro
1103 4312 1221 4387 αἰνότης
1237 4318 1279 4372 eet
1296 4306 1361 4371 ἑνό·

186 4416 237 4470 της
255 4397 387 4470 (longia.
407 4404 451 4465 11,
469 4404 493 4456 3.
510 4400 586 4459 Plut
603 4400 658 4458 def.
676 4415 715 4461 or.
733 4395 781 4474 ιγ’)
799 4403 829 4459 et
846 4392 905 4458 ἀπὸ
921 4411 974 4472 της
990 4417 1033 4465 εις
1048 4401 1243 4472 καταληξευς.
1275 4397 1359 4469 chry·

238 4486 347 4540 Ῑιτῑιτι,
361 4486 497 4530 sunnon.
1120 4490 1151 4544 17
