<?xml version="1.0" encoding="UTF-8"?>
<!DOCTYPE html PUBLIC "-//W3C//DTD XHTML 1.0 Transitional//EN"
    "http://www.w3.org/TR/xhtml1/DTD/xhtml1-transitional.dtd">
<html xmlns="http://www.w3.org/1999/xhtml" xml:lang="en" lang="en">
 <head>
  <title>
</title>
<meta http-equiv="Content-Type" content="text/html;charset=utf-8" />
  <meta name='ocr-system' content='tesseract 3.04.00' />
  <meta name='ocr-capabilities' content='ocr_page ocr_carea ocr_par ocr_line ocrx_word'/>
</head>
<body>
  <div class='ocr_page' id='page_1' title='image "./dearistarchistu00ludwgoog/dearistarchistu00ludwgoog_0357.png"; bbox 0 0 3425 4934; ppageno 0'>
   <div class='ocr_carea' id='block_1_1' title="bbox 648 319 1367 389">
    <p class='ocr_par' dir='ltr' id='par_1_1' title="bbox 648 319 1367 389">
     <span class='ocr_line' id='line_1_1' title="bbox 648 319 1367 389; baseline -0.001 -12"><span class='ocrx_word' id='word_1_1' title='bbox 648 325 670 377; x_wconf 88' lang='lat'><strong><em>1.</em></strong></span> <span class='ocrx_word' id='word_1_2' title='bbox 694 319 735 376; x_wconf 92' lang='lat' dir='ltr'>De</span> <span class='ocrx_word' id='word_1_3' title='bbox 752 321 931 379; x_wconf 83' lang='lat' dir='ltr'>atheteaibus.</span> <span class='ocrx_word' id='word_1_4' title='bbox 1307 326 1367 389; x_wconf 84' lang='lat'><strong><em>335</em></strong></span> 
     </span>
    </p>
   </div>
   <div class='ocr_carea' id='block_1_2' title="bbox 197 486 1369 2082">
    <p class='ocr_par' dir='ltr' id='par_1_2' title="bbox 197 486 1369 2082">
     <span class='ocr_line' id='line_1_2' title="bbox 284 486 1367 572; baseline 0.001 -20"><span class='ocrx_word' id='word_1_5' title='bbox 284 486 451 572; x_wconf 80' lang='lat' dir='ltr'>Cognosce</span> <span class='ocrx_word' id='word_1_6' title='bbox 479 487 624 553; x_wconf 80' lang='lat' dir='ltr'>criticum</span> <span class='ocrx_word' id='word_1_7' title='bbox 650 488 701 553; x_wconf 84' lang='lat' dir='ltr'>vel</span> <span class='ocrx_word' id='word_1_8' title='bbox 730 490 764 555; x_wconf 92' lang='lat' dir='ltr'>in</span> <span class='ocrx_word' id='word_1_9' title='bbox 791 511 897 555; x_wconf 89' lang='lat' dir='ltr'>errore</span> <span class='ocrx_word' id='word_1_10' title='bbox 922 487 1124 554; x_wconf 76' lang='lat' dir='ltr'>laudabilem.</span> <span class='ocrx_word' id='word_1_11' title='bbox 1166 486 1281 554; x_wconf 87' lang='lat' dir='ltr'>Sensui</span> <span class='ocrx_word' id='word_1_12' title='bbox 1308 509 1367 553; x_wconf 91' lang='lat' dir='ltr'><strong><em>suo</em></strong></span> 
     </span>
     <span class='ocr_line' id='line_1_3' title="bbox 199 593 1368 681; baseline 0.002 -22"><span class='ocrx_word' id='word_1_13' title='bbox 199 616 378 681; x_wconf 81' lang='lat' dir='ltr'>repugnare</span> <span class='ocrx_word' id='word_1_14' title='bbox 400 617 464 660; x_wconf 91' lang='lat' dir='ltr'><strong><em>non</em></strong></span> <span class='ocrx_word' id='word_1_15' title='bbox 486 599 608 681; x_wconf 89' lang='lat' dir='ltr'>potest,</span> <span class='ocrx_word' id='word_1_16' title='bbox 629 596 685 662; x_wconf 87' lang='lat' dir='ltr'><strong><em>aed</em></strong></span> <span class='ocrx_word' id='word_1_17' title='bbox 706 619 779 663; x_wconf 90' lang='lat' dir='ltr'><strong><em>cnm</em></strong></span> <span class='ocrx_word' id='word_1_18' title='bbox 801 597 997 663; x_wconf 81' lang='lat' dir='ltr'>extrinsecus</span> <span class='ocrx_word' id='word_1_19' title='bbox 1016 593 1104 661; x_wconf 83' lang='lat' dir='ltr'>videt</span> <span class='ocrx_word' id='word_1_20' title='bbox 1126 593 1257 678; x_wconf 81' lang='lat' dir='ltr'>aliquod</span> <span class='ocrx_word' id='word_1_21' title='bbox 1278 617 1368 661; x_wconf 88' lang='lat' dir='ltr'>acce·</span> 
     </span>
     <span class='ocr_line' id='line_1_4' title="bbox 200 702 1367 788; baseline 0.003 -23"><span class='ocrx_word' id='word_1_22' title='bbox 200 702 274 767; x_wconf 88' lang='lat' dir='ltr'>dere</span> <span class='ocrx_word' id='word_1_23' title='bbox 300 706 500 767; x_wconf 88' lang='lat' dir='ltr'>momentum</span> <span class='ocrx_word' id='word_1_24' title='bbox 526 708 657 788; x_wconf 87' lang='lat' dir='ltr'>paratus</span> <span class='ocrx_word' id='word_1_25' title='bbox 685 708 735 769; x_wconf 88' lang='lat' dir='ltr'>est</span> <span class='ocrx_word' id='word_1_26' title='bbox 762 704 884 770; x_wconf 84' lang='lat' dir='ltr'>cedere.</span> <span class='ocrx_word' id='word_1_27' title='bbox 925 702 1094 771; x_wconf 87' lang='lat' dir='ltr'>Pertinent</span> <span class='ocrx_word' id='word_1_28' title='bbox 1120 703 1233 768; x_wconf 90' lang='lat' dir='ltr'>eodem</span> <span class='ocrx_word' id='word_1_29' title='bbox 1258 723 1367 768; x_wconf 84' lang='lat' dir='ltr'>versus</span> 
     </span>
     <span class='ocr_line' id='line_1_5' title="bbox 198 800 1369 893; baseline 0.003 -23"><span class='ocrx_word' id='word_1_30' title='bbox 198 811 392 877; x_wconf 76' lang='lat'><strong><em>1458-461</em></strong></span> <span class='ocrx_word' id='word_1_31' title='bbox 414 811 448 875; x_wconf 91' lang='lat' dir='ltr'>in</span> <span class='ocrx_word' id='word_1_32' title='bbox 466 809 638 877; x_wconf 88' lang='lat' dir='ltr'>Phoenicis</span> <span class='ocrx_word' id='word_1_33' title='bbox 659 811 856 877; x_wconf 76' lang='lat' dir='ltr'>narratione:</span> <span class='ocrx_word' id='word_1_34' title='bbox 877 807 935 876; x_wconf 89' lang='grc' dir='ltr'><strong><em>τόν</em></strong></span> <span class='ocrx_word' id='word_1_35' title='bbox 955 804 1016 893; x_wconf 73' lang='grc' dir='ltr'><strong><em>μὲν</em></strong></span> <span class='ocrx_word' id='word_1_36' title='bbox 1036 804 1099 893; x_wconf 75' lang='grc' dir='ltr'><strong><em>ἐγὼ</em></strong></span> <span class='ocrx_word' id='word_1_37' title='bbox 1121 800 1286 890; x_wconf 75' lang='grc' dir='ltr'><strong><em>βούλευσα</em></strong></span> <span class='ocrx_word' id='word_1_38' title='bbox 1307 833 1369 874; x_wconf 89' lang='grc' dir='ltr'><strong><em>κα-</em></strong></span> 
     </span>
     <span class='ocr_line' id='line_1_6' title="bbox 197 909 1369 1004; baseline 0.002 -25"><span class='ocrx_word' id='word_1_39' title='bbox 197 910 363 998; x_wconf 83' lang='grc' dir='ltr'><strong><em>τακτάμεν</em></strong></span> <span class='ocrx_word' id='word_1_40' title='bbox 384 909 459 997; x_wconf 83' lang='grc' dir='ltr'><strong><em>ὀξέϊ</em></strong></span> <span class='ocrx_word' id='word_1_41' title='bbox 474 915 587 1003; x_wconf 79' lang='grc' dir='ltr'><strong><em>χαλκῷ</em></strong></span> <span class='ocrx_word' id='word_1_42' title='bbox 608 922 691 997; x_wconf 61' lang='lat' dir='ltr'>cett„</span> <span class='ocrx_word' id='word_1_43' title='bbox 712 920 752 985; x_wconf 84' lang='lat' dir='ltr'>de</span> <span class='ocrx_word' id='word_1_44' title='bbox 774 918 892 1004; x_wconf 85' lang='lat' dir='ltr'>quibus</span> <span class='ocrx_word' id='word_1_45' title='bbox 905 918 991 985; x_wconf 84' lang='lat' dir='ltr'>Plut.</span> <span class='ocrx_word' id='word_1_46' title='bbox 1011 917 1083 984; x_wconf 88' lang='lat' dir='ltr'>and.</span> <span class='ocrx_word' id='word_1_47' title='bbox 1098 940 1128 1003; x_wconf 87' lang='lat' dir='ltr'><strong><em>p.</em></strong></span> <span class='ocrx_word' id='word_1_48' title='bbox 1142 940 1173 1003; x_wconf 85' lang='lat' dir='ltr'><strong><em>p.</em></strong></span> <span class='ocrx_word' id='word_1_49' title='bbox 1189 916 1249 986; x_wconf 75' lang='lat'><strong><em>26¹⁴</em></strong></span> <span class='ocrx_word' id='word_1_50' title='bbox 1268 911 1286 982; x_wconf 87' lang='grc' dir='ltr'>ὁ</span> <span class='ocrx_word' id='word_1_51' title='bbox 1308 914 1369 999; x_wconf 81' lang='grc' dir='ltr'><strong><em>μὲν</em></strong></span> 
     </span>
     <span class='ocr_line' id='line_1_7' title="bbox 201 1013 1368 1115; baseline 0.001 -26"><span class='ocrx_word' id='word_1_52' title='bbox 201 1013 257 1089; x_wconf 87' lang='grc' dir='ltr'><strong><em>οάν</em></strong></span> <span class='ocrx_word' id='word_1_53' title='bbox 279 1016 492 1110; x_wconf 78' lang='grc' dir='ltr'><strong><em>Ἀρίσταρχος</em></strong></span> <span class='ocrx_word' id='word_1_54' title='bbox 518 1022 620 1107; x_wconf 77' lang='grc' dir='ltr'><strong><em>ἐξεῖλε</em></strong></span> <span class='ocrx_word' id='word_1_55' title='bbox 646 1029 750 1091; x_wconf 83' lang='grc' dir='ltr'><strong><em>ταῦτα</em></strong></span> <span class='ocrx_word' id='word_1_56' title='bbox 776 1023 818 1090; x_wconf 88' lang='grc' dir='ltr'><strong><em>τὰ</em></strong></span> <span class='ocrx_word' id='word_1_57' title='bbox 846 1021 910 1112; x_wconf 69' lang='grc' dir='ltr'><strong><em>ἔπη</em></strong></span> <span class='ocrx_word' id='word_1_58' title='bbox 937 1020 1152 1115; x_wconf 56' lang='lat' dir='ltr'>potuisis:</span> <span class='ocrx_word' id='word_1_59' title='bbox 1182 1046 1225 1091; x_wconf 85' lang='lat' dir='ltr'><strong><em>so.</em></strong></span> <span class='ocrx_word' id='word_1_60' title='bbox 1253 1026 1368 1090; x_wconf 87' lang='lat' dir='ltr'>timeus</span> 
     </span>
     <span class='ocr_line' id='line_1_8' title="bbox 198 1132 1368 1222; baseline 0.001 -25"><span class='ocrx_word' id='word_1_61' title='bbox 198 1132 369 1198; x_wconf 88' lang='lat' dir='ltr'>Phoenicis</span> <span class='ocrx_word' id='word_1_62' title='bbox 383 1134 536 1213; x_wconf 84' lang='lat' dir='ltr'>moribus,</span> <span class='ocrx_word' id='word_1_63' title='bbox 558 1134 615 1219; x_wconf 90' lang='lat' dir='ltr'>qui</span> <span class='ocrx_word' id='word_1_64' title='bbox 628 1135 766 1201; x_wconf 87' lang='lat' dir='ltr'>Achillis</span> <span class='ocrx_word' id='word_1_65' title='bbox 780 1134 991 1222; x_wconf 81' lang='lat' dir='ltr'>paedagogus</span> <span class='ocrx_word' id='word_1_66' title='bbox 1005 1133 1109 1199; x_wconf 83' lang='lat' dir='ltr'>factus</span> <span class='ocrx_word' id='word_1_67' title='bbox 1124 1137 1183 1199; x_wconf 86' lang='lat' dir='ltr'>est.</span> <span class='ocrx_word' id='word_1_68' title='bbox 1219 1133 1368 1200; x_wconf 75' lang='lat' dir='ltr'>(laterum</span> 
     </span>
     <span class='ocr_line' id='line_1_9' title="bbox 199 1240 1368 1327; baseline 0.001 -23"><span class='ocrx_word' id='word_1_69' title='bbox 199 1241 255 1323; x_wconf 92' lang='lat' dir='ltr'>qui</span> <span class='ocrx_word' id='word_1_70' title='bbox 269 1240 320 1305; x_wconf 84' lang='grc'><strong><em>111</em></strong></span> <span class='ocrx_word' id='word_1_71' title='bbox 335 1241 441 1307; x_wconf 90' lang='lat' dir='ltr'>obiter</span> <span class='ocrx_word' id='word_1_72' title='bbox 461 1242 630 1308; x_wconf 76' lang='lat' dir='ltr'><strong>historiam</strong></span> <span class='ocrx_word' id='word_1_73' title='bbox 650 1242 925 1327; x_wconf 72' lang='lat' dir='ltr'>interpretationis</span> <span class='ocrx_word' id='word_1_74' title='bbox 938 1241 1131 1307; x_wconf 83' lang='lat' dir='ltr'>Homericae</span> <span class='ocrx_word' id='word_1_75' title='bbox 1151 1241 1270 1327; x_wconf 77' lang='lat' dir='ltr'>tetigit,</span> <span class='ocrx_word' id='word_1_76' title='bbox 1291 1261 1368 1324; x_wconf 85' lang='lat' dir='ltr'>eog-</span> 
     </span>
     <span class='ocr_line' id='line_1_10' title="bbox 199 1346 1368 1436; baseline 0 -24"><span class='ocrx_word' id='word_1_77' title='bbox 199 1347 304 1413; x_wconf 88' lang='lat' dir='ltr'>nitum</span> <span class='ocrx_word' id='word_1_78' title='bbox 318 1348 417 1414; x_wconf 88' lang='lat' dir='ltr'>habet</span> <span class='ocrx_word' id='word_1_79' title='bbox 430 1346 554 1414; x_wconf 87' lang='lat' dir='ltr'>nullam</span> <span class='ocrx_word' id='word_1_80' title='bbox 567 1349 634 1415; x_wconf 89' lang='lat' dir='ltr'>fere</span> <span class='ocrx_word' id='word_1_81' title='bbox 656 1354 795 1416; x_wconf 87' lang='lat' dir='ltr'>aetatem</span> <span class='ocrx_word' id='word_1_82' title='bbox 815 1349 915 1416; x_wconf 86' lang='lat' dir='ltr'>fuisse</span> <span class='ocrx_word' id='word_1_83' title='bbox 930 1350 1010 1434; x_wconf 89' lang='lat' dir='ltr'>quin</span> <span class='ocrx_word' id='word_1_84' title='bbox 1030 1370 1150 1436; x_wconf 80' lang='lat' dir='ltr'>magna</span> <span class='ocrx_word' id='word_1_85' title='bbox 1169 1370 1244 1434; x_wconf 86' lang='lat' dir='ltr'>pars</span> <span class='ocrx_word' id='word_1_86' title='bbox 1264 1348 1368 1414; x_wconf 84' lang='lat' dir='ltr'>honri·</span> 
     </span>
     <span class='ocr_line' id='line_1_11' title="bbox 199 1454 1369 1543; baseline 0 -23"><span class='ocrx_word' id='word_1_87' title='bbox 199 1478 290 1537; x_wconf 86' lang='lat' dir='ltr'>num,</span> <span class='ocrx_word' id='word_1_88' title='bbox 312 1456 479 1522; x_wconf 87' lang='lat' dir='ltr'>doctorum</span> <span class='ocrx_word' id='word_1_89' title='bbox 500 1461 603 1538; x_wconf 85' lang='lat' dir='ltr'>certe,</span> <span class='ocrx_word' id='word_1_90' title='bbox 625 1457 872 1525; x_wconf 86' lang='lat' dir='ltr'>Homericornm</span> <span class='ocrx_word' id='word_1_91' title='bbox 892 1478 1019 1523; x_wconf 88' lang='lat' dir='ltr'>morum</span> <span class='ocrx_word' id='word_1_92' title='bbox 1040 1456 1245 1543; x_wconf 82' lang='lat' dir='ltr'>simplicitate</span> <span class='ocrx_word' id='word_1_93' title='bbox 1268 1454 1369 1521; x_wconf 86' lang='lat' dir='ltr'>offen·</span> 
     </span>
     <span class='ocr_line' id='line_1_12' title="bbox 201 1562 1368 1650; baseline 0.001 -23"><span class='ocrx_word' id='word_1_94' title='bbox 201 1564 344 1642; x_wconf 88' lang='lat' dir='ltr'>deretur;</span> <span class='ocrx_word' id='word_1_95' title='bbox 366 1586 424 1650; x_wconf 90' lang='lat' dir='ltr'>per</span> <span class='ocrx_word' id='word_1_96' title='bbox 437 1562 596 1631; x_wconf 88' lang='lat' dir='ltr'>Wolfium</span> <span class='ocrx_word' id='word_1_97' title='bbox 618 1565 746 1632; x_wconf 88' lang='lat' dir='ltr'>demum</span> <span class='ocrx_word' id='word_1_98' title='bbox 768 1570 802 1631; x_wconf 89' lang='lat' dir='ltr'>et</span> <span class='ocrx_word' id='word_1_99' title='bbox 819 1565 973 1632; x_wconf 84' lang='lat' dir='ltr'>Vossium</span> <span class='ocrx_word' id='word_1_100' title='bbox 994 1563 1162 1650; x_wconf 86' lang='lat' dir='ltr'>paullatim</span> <span class='ocrx_word' id='word_1_101' title='bbox 1182 1564 1235 1629; x_wconf 91' lang='lat' dir='ltr'>hic</span> <span class='ocrx_word' id='word_1_102' title='bbox 1257 1586 1368 1629; x_wconf 87' lang='lat' dir='ltr'>seusus</span> 
     </span>
     <span class='ocr_line' id='line_1_13' title="bbox 200 1670 1369 1758; baseline -0.001 -21"><span class='ocrx_word' id='word_1_103' title='bbox 200 1673 271 1737; x_wconf 91' lang='lat' dir='ltr'>aoui</span> <span class='ocrx_word' id='word_1_104' title='bbox 287 1675 420 1757; x_wconf 85' lang='lat' dir='ltr'>coeptus</span> <span class='ocrx_word' id='word_1_105' title='bbox 435 1676 468 1738; x_wconf 88' lang='lat' dir='ltr'>et</span> <span class='ocrx_word' id='word_1_106' title='bbox 482 1694 555 1738; x_wconf 90' lang='lat' dir='ltr'>eum</span> <span class='ocrx_word' id='word_1_107' title='bbox 574 1672 719 1758; x_wconf 87' lang='lat' dir='ltr'>pluribus</span> <span class='ocrx_word' id='word_1_108' title='bbox 741 1674 1002 1740; x_wconf 89' lang='lat' dir='ltr'>communicatus.</span> <span class='ocrx_word' id='word_1_109' title='bbox 1037 1670 1115 1737; x_wconf 90' lang='lat' dir='ltr'>Illos</span> <span class='ocrx_word' id='word_1_110' title='bbox 1136 1694 1212 1739; x_wconf 83' lang='lat' dir='ltr'>vero</span> <span class='ocrx_word' id='word_1_111' title='bbox 1226 1670 1369 1737; x_wconf 81' lang='lat' dir='ltr'>Alexan·</span> 
     </span>
     <span class='ocr_line' id='line_1_14' title="bbox 200 1779 1368 1866; baseline 0.001 -22"><span class='ocrx_word' id='word_1_112' title='bbox 200 1779 309 1844; x_wconf 87' lang='lat' dir='ltr'>drinos</span> <span class='ocrx_word' id='word_1_113' title='bbox 340 1783 373 1845; x_wconf 88' lang='lat' dir='ltr'>et</span> <span class='ocrx_word' id='word_1_114' title='bbox 401 1779 492 1845; x_wconf 90' lang='lat' dir='ltr'>aulae</span> <span class='ocrx_word' id='word_1_115' title='bbox 518 1780 645 1845; x_wconf 85' lang='lat' dir='ltr'>luxuria</span> <span class='ocrx_word' id='word_1_116' title='bbox 667 1779 835 1848; x_wconf 87' lang='lat' dir='ltr'>affluentes</span> <span class='ocrx_word' id='word_1_117' title='bbox 857 1786 891 1848; x_wconf 91' lang='lat' dir='ltr'>et</span> <span class='ocrx_word' id='word_1_118' title='bbox 911 1780 1178 1866; x_wconf 91' lang='lat' dir='ltr'>philosophorum</span> <span class='ocrx_word' id='word_1_119' title='bbox 1199 1780 1368 1846; x_wconf 86' lang='lat' dir='ltr'>severitate</span> 
     </span>
     <span class='ocr_line' id='line_1_15' title="bbox 200 1886 1369 1973; baseline 0 -21"><span class='ocrx_word' id='word_1_120' title='bbox 200 1888 501 1973; x_wconf 83' lang='lat' dir='ltr'>circumstrepentes</span> <span class='ocrx_word' id='word_1_121' title='bbox 528 1888 562 1952; x_wconf 92' lang='lat' dir='ltr'>in</span> <span class='ocrx_word' id='word_1_122' title='bbox 583 1888 694 1955; x_wconf 81' lang='grc'><strong>11111111</strong></span> <span class='ocrx_word' id='word_1_123' title='bbox 717 1888 887 1955; x_wconf 85' lang='lat' dir='ltr'>offendisse</span> <span class='ocrx_word' id='word_1_124' title='bbox 908 1889 989 1955; x_wconf 91' lang='lat' dir='ltr'>mihi</span> <span class='ocrx_word' id='word_1_125' title='bbox 1010 1892 1259 1955; x_wconf 88' lang='lat' dir='ltr'>consentaneum</span> <span class='ocrx_word' id='word_1_126' title='bbox 1279 1886 1369 1953; x_wconf 83' lang='lat' dir='ltr'>vide·</span> 
     </span>
     <span class='ocr_line' id='line_1_16' title="bbox 199 1994 1204 2082; baseline 0.003 -23"><span class='ocrx_word' id='word_1_127' title='bbox 199 1996 315 2062; x_wconf 83' lang='lat' dir='ltr'>tur²⁴².</span> <span class='ocrx_word' id='word_1_128' title='bbox 353 2019 381 2063; x_wconf 84' lang='lat' dir='ltr'><strong><em>v.</em></strong></span> <span class='ocrx_word' id='word_1_129' title='bbox 403 1995 458 2060; x_wconf 87' lang='lat' dir='ltr'><strong><em>Ar.</em></strong></span> <span class='ocrx_word' id='word_1_130' title='bbox 479 1995 632 2061; x_wconf 88' lang='lat' dir='ltr'>iudicium</span> <span class='ocrx_word' id='word_1_131' title='bbox 655 1996 694 2062; x_wconf 88' lang='lat' dir='ltr'>de</span> <span class='ocrx_word' id='word_1_132' title='bbox 715 1994 869 2081; x_wconf 88' lang='lat' dir='ltr'>Apolline</span> <span class='ocrx_word' id='word_1_133' title='bbox 891 1995 1060 2065; x_wconf 86' lang='lat' dir='ltr'>Smintheo</span> <span class='ocrx_word' id='word_1_134' title='bbox 1082 2020 1113 2082; x_wconf 88' lang='lat' dir='ltr'><strong><em>p.</em></strong></span> <span class='ocrx_word' id='word_1_135' title='bbox 1138 2003 1204 2064; x_wconf 84' lang='lat'><strong>177.</strong></span> 
     </span>
    </p>
   </div>
   <div class='ocr_carea' id='block_1_3' title="bbox 198 2166 408 2177">
    <p class='ocr_par' dir='ltr' id='par_1_3' title="bbox 198 2166 408 2177">
     <span class='ocr_line' id='line_1_17' title="bbox 198 2166 408 2177; baseline -0.005 0"><span class='ocrx_word' id='word_1_136' title='bbox 198 2166 408 2177; x_wconf 67' lang='lat' dir='ltr'>una—unu·—</span> 
     </span>
    </p>
   </div>
   <div class='ocr_carea' id='block_1_4' title="bbox 197 2254 1448 4444">
    <p class='ocr_par' dir='ltr' id='par_1_4' title="bbox 197 2254 1370 3093">
     <span class='ocr_line' id='line_1_18' title="bbox 198 2254 1369 2336; baseline 0.003 -19"><span class='ocrx_word' id='word_1_137' title='bbox 198 2262 253 2318; x_wconf 86' lang='grc' dir='ltr'><strong><em>τδν</em></strong></span> <span class='ocrx_word' id='word_1_138' title='bbox 269 2254 406 2318; x_wconf 75' lang='grc' dir='ltr'><strong><em>Ὀδυσσέα</em></strong></span> <span class='ocrx_word' id='word_1_139' title='bbox 428 2264 598 2334; x_wconf 73' lang='grc' dir='ltr'><em>θεασαμένη</em></span> <span class='ocrx_word' id='word_1_140' title='bbox 623 2265 674 2321; x_wconf 84' lang='grc' dir='ltr'><strong><em>καλ</em></strong></span> <span class='ocrx_word' id='word_1_141' title='bbox 699 2266 842 2320; x_wconf 84' lang='grc' dir='ltr'><strong><em>παθοῦσα</em></strong></span> <span class='ocrx_word' id='word_1_142' title='bbox 867 2263 902 2320; x_wconf 89' lang='grc' dir='ltr'><strong><em>τό</em></strong></span> <span class='ocrx_word' id='word_1_143' title='bbox 924 2268 974 2334; x_wconf 81' lang='grc' dir='ltr'><strong><em>τῆς</em></strong></span> <span class='ocrx_word' id='word_1_144' title='bbox 994 2265 1154 2336; x_wconf 75' lang='grc' dir='ltr'><strong><em>Καλυψοῦς</em></strong></span> <span class='ocrx_word' id='word_1_145' title='bbox 1175 2262 1273 2328; x_wconf 85' lang='grc' dir='ltr'><strong><em>πάθος</em></strong></span> <span class='ocrx_word' id='word_1_146' title='bbox 1294 2264 1369 2336; x_wconf 81' lang='grc' dir='ltr'><strong><em>τορός</em></strong></span> 
     </span>
     <span class='ocr_line' id='line_1_19' title="bbox 199 2336 1370 2421; baseline 0.002 -20"><span class='ocrx_word' id='word_1_147' title='bbox 199 2344 289 2401; x_wconf 78' lang='grc' dir='ltr'><strong><em>αὐτόν</em></strong></span> <span class='ocrx_word' id='word_1_148' title='bbox 305 2340 359 2402; x_wconf 73' lang='lat' dir='ltr'><strong><em>uu</em></strong></span> <span class='ocrx_word' id='word_1_149' title='bbox 377 2349 411 2416; x_wconf 76' lang='grc' dir='ltr'><strong><em>δὴ</em></strong></span> <span class='ocrx_word' id='word_1_150' title='bbox 427 2352 569 2418; x_wconf 80' lang='grc' dir='ltr'><strong><em>τρυφῶσα</em></strong></span> <span class='ocrx_word' id='word_1_151' title='bbox 585 2349 637 2404; x_wconf 77' lang='grc' dir='ltr'><strong><em>καὶ</em></strong></span> <span class='ocrx_word' id='word_1_152' title='bbox 653 2347 756 2418; x_wconf 87' lang='grc' dir='ltr'><strong><em>χάμωκ</em></strong></span> <span class='ocrx_word' id='word_1_153' title='bbox 773 2336 853 2420; x_wconf 77' lang='grc' dir='ltr'><strong><em>ἀράν</em></strong></span> <span class='ocrx_word' id='word_1_154' title='bbox 870 2343 978 2418; x_wconf 68' lang='grc' dir='ltr'><strong><em>ἔχουσα</em></strong></span> <span class='ocrx_word' id='word_1_155' title='bbox 994 2352 1118 2405; x_wconf 89' lang='grc' dir='ltr'><strong><em>τοιαῦτα</em></strong></span> <span class='ocrx_word' id='word_1_156' title='bbox 1135 2343 1279 2421; x_wconf 82' lang='grc' dir='ltr'><strong><em>μαραίνει</em></strong></span> <span class='ocrx_word' id='word_1_157' title='bbox 1294 2342 1370 2420; x_wconf 80' lang='grc' dir='ltr'><strong><em>πρός</em></strong></span> 
     </span>
     <span class='ocr_line' id='line_1_20' title="bbox 197 2424 1370 2504; baseline 0.002 -19"><span class='ocrx_word' id='word_1_158' title='bbox 197 2424 493 2502; x_wconf 67' lang='grc' dir='ltr'><strong><em>τάςῖθερατιαινὶδας·</em></strong></span> <span class='ocrx_word' id='word_1_159' title='bbox 511 2429 559 2498; x_wconf 77' lang='lat' dir='ltr'><strong><em>„ul</em></strong></span> <span class='ocrx_word' id='word_1_160' title='bbox 576 2426 634 2502; x_wconf 86' lang='grc' dir='ltr'><strong><em>χάρ</em></strong></span> <span class='ocrx_word' id='word_1_161' title='bbox 646 2428 717 2501; x_wconf 75' lang='grc' dir='ltr'><strong><em>ἐμεῦ</em></strong></span> <span class='ocrx_word' id='word_1_162' title='bbox 729 2428 847 2489; x_wconf 87' lang='grc' dir='ltr'><strong><em>τοιόσδε</em></strong></span> <span class='ocrx_word' id='word_1_163' title='bbox 859 2426 962 2497; x_wconf 62' lang='grc' dir='ltr'><strong><em>πόσις(</em></strong></span> <span class='ocrx_word' id='word_1_164' title='bbox 980 2473 1040 2498; x_wconf 86' lang='grc'><strong>...,</strong></span> <span class='ocrx_word' id='word_1_165' title='bbox 1058 2432 1188 2503; x_wconf 73' lang='grc' dir='ltr'><strong><em>ψεκτέον</em></strong></span> <span class='ocrx_word' id='word_1_166' title='bbox 1203 2426 1240 2489; x_wconf 89' lang='grc' dir='ltr'><strong><em>τό</em></strong></span> <span class='ocrx_word' id='word_1_167' title='bbox 1256 2433 1370 2504; x_wconf 84' lang='grc' dir='ltr'><strong><em>θράσος</em></strong></span> 
     </span>
     <span class='ocr_line' id='line_1_21' title="bbox 200 2506 1370 2591; baseline 0.002 -22"><span class='ocrx_word' id='word_1_168' title='bbox 200 2512 287 2585; x_wconf 69' lang='grc' dir='ltr'><strong><em>αὐτῆς</em></strong></span> <span class='ocrx_word' id='word_1_169' title='bbox 298 2516 348 2571; x_wconf 81' lang='grc' dir='ltr'><strong><em>καὶ</em></strong></span> <span class='ocrx_word' id='word_1_170' title='bbox 360 2519 413 2586; x_wconf 73' lang='grc' dir='ltr'><strong><em>τὴν</em></strong></span> <span class='ocrx_word' id='word_1_171' title='bbox 425 2510 597 2572; x_wconf 78' lang='grc' dir='ltr'><strong><em>ἀκολασίαν·</em></strong></span> <span class='ocrx_word' id='word_1_172' title='bbox 617 2513 645 2572; x_wconf 79' lang='grc' dir='ltr'><strong><em>εἰ</em></strong></span> <span class='ocrx_word' id='word_1_173' title='bbox 655 2515 688 2572; x_wconf 78' lang='grc' dir='ltr'><strong><em>δὲ</em></strong></span> <span class='ocrx_word' id='word_1_174' title='bbox 700 2523 763 2581; x_wconf 85' lang='grc' dir='ltr'><strong><em>τοῖς</em></strong></span> <span class='ocrx_word' id='word_1_175' title='bbox 779 2513 880 2587; x_wconf 87' lang='grc' dir='ltr'><strong><em>λόχοις</em></strong></span> <span class='ocrx_word' id='word_1_176' title='bbox 895 2521 950 2573; x_wconf 88' lang='grc' dir='ltr'><strong><em>τοῦ</em></strong></span> <span class='ocrx_word' id='word_1_177' title='bbox 967 2507 1075 2591; x_wconf 86' lang='grc' dir='ltr'><strong><em>ἀνδρὸς</em></strong></span> <span class='ocrx_word' id='word_1_178' title='bbox 1091 2512 1127 2573; x_wconf 86' lang='grc' dir='ltr'><strong><em>τὸ</em></strong></span> <span class='ocrx_word' id='word_1_179' title='bbox 1143 2506 1217 2587; x_wconf 78' lang='grc' dir='ltr'><strong><em>ἦθος</em></strong></span> <span class='ocrx_word' id='word_1_180' title='bbox 1233 2513 1370 2573; x_wconf 75' lang='grc' dir='ltr'><strong><em>ἐνιδοῦσα</em></strong></span> 
     </span>
     <span class='ocr_line' id='line_1_22' title="bbox 197 2591 1368 2674; baseline 0.002 -21"><span class='ocrx_word' id='word_1_181' title='bbox 197 2600 248 2654; x_wconf 85' lang='grc' dir='ltr'><strong><em>καλ</em></strong></span> <span class='ocrx_word' id='word_1_182' title='bbox 259 2598 436 2667; x_wconf 73' lang='grc' dir='ltr'><strong><em>θαυμάσασα</em></strong></span> <span class='ocrx_word' id='word_1_183' title='bbox 448 2603 501 2670; x_wconf 72' lang='grc' dir='ltr'><strong><em>τὴν</em></strong></span> <span class='ocrx_word' id='word_1_184' title='bbox 518 2591 704 2665; x_wconf 78' lang='grc' dir='ltr'><strong><em>ἔντευξιν’</em></strong></span> <span class='ocrx_word' id='word_1_185' title='bbox 667 2605 757 2656; x_wconf 89' lang='grc' dir='ltr'><strong><em>αυτοῦ</em></strong></span> <span class='ocrx_word' id='word_1_186' title='bbox 772 2599 866 2656; x_wconf 75' lang='grc' dir='ltr'><strong><em>πολὺν</em></strong></span> <span class='ocrx_word' id='word_1_187' title='bbox 883 2606 953 2657; x_wconf 91' lang='grc' dir='ltr'><strong><em>νοῦν</em></strong></span> <span class='ocrx_word' id='word_1_188' title='bbox 970 2598 1095 2671; x_wconf 76' lang='grc' dir='ltr'><strong><em>ἔχουσαν</em></strong></span> <span class='ocrx_word' id='word_1_189' title='bbox 1112 2592 1226 2671; x_wconf 73' lang='grc' dir='ltr'><strong><em>εὔχεται</em></strong></span> <span class='ocrx_word' id='word_1_190' title='bbox 1243 2600 1368 2674; x_wconf 79' lang='grc' dir='ltr'><strong><em>τοιούτω</em></strong></span> 
     </span>
     <span class='ocr_line' id='line_1_23' title="bbox 199 2676 1370 2782; baseline 0.001 -44"><span class='ocrx_word' id='word_1_191' title='bbox 199 2689 347 2739; x_wconf 73' lang='grc' dir='ltr'><strong><em>συνοικεῖν</em></strong></span> <span class='ocrx_word' id='word_1_192' title='bbox 368 2676 516 2752; x_wconf 58' lang='lat' dir='ltr'>palaest</span> <span class='ocrx_word' id='word_1_193' title='bbox 499 2706 517 2754; x_wconf 93' lang='grc' dir='ltr'><strong><em>η</em></strong></span> <span class='ocrx_word' id='word_1_194' title='bbox 537 2687 674 2758; x_wconf 76' lang='grc' dir='ltr'><strong><em>πλωτικῷ</em></strong></span> <span class='ocrx_word' id='word_1_195' title='bbox 694 2701 752 2740; x_wconf 82' lang='grc' dir='ltr'><strong><em>τινι</em></strong></span> <span class='ocrx_word' id='word_1_196' title='bbox 774 2687 824 2740; x_wconf 80' lang='grc' dir='ltr'><strong><em>καὶ</em></strong></span> <span class='ocrx_word' id='word_1_197' title='bbox 845 2683 1014 2758; x_wconf 76' lang='grc' dir='ltr'><strong><em>ὀρχηστικῷ</em></strong></span> <span class='ocrx_word' id='word_1_198' title='bbox 1038 2689 1100 2740; x_wconf 81' lang='grc' dir='ltr'><strong><em>τῶν</em></strong></span> <span class='ocrx_word' id='word_1_199' title='bbox 1120 2686 1264 2782; x_wconf 79' lang='grc' dir='ltr'><strong><em>πρλιτιῦν,</em></strong></span> <span class='ocrx_word' id='word_1_200' title='bbox 1284 2678 1370 2750; x_wconf 78' lang='grc' dir='ltr'><strong><em>ἀξιον</em></strong></span> 
     </span>
     <span class='ocr_line' id='line_1_24' title="bbox 198 2756 1370 2840; baseline 0.003 -19"><span class='ocrx_word' id='word_1_201' title='bbox 198 2759 336 2836; x_wconf 85' lang='grc' dir='ltr'><strong><em>ἀχασθαι.</em></strong></span> <span class='ocrx_word' id='word_1_202' title='bbox 365 2756 1227 2840; x_wconf 70' lang='grc' dir='ltr'><strong>θυὴο1.11111111111..1Εφοροςέττοιινειτόνλοχονάςέξ</strong></span> <span class='ocrx_word' id='word_1_203' title='bbox 1245 2767 1370 2838; x_wconf 76' lang='grc' dir='ltr'><strong><em>εὐφυοῦς</em></strong></span> 
     </span>
     <span class='ocr_line' id='line_1_25' title="bbox 198 2847 1368 2926; baseline 0.001 -20"><span class='ocrx_word' id='word_1_204' title='bbox 198 2847 272 2922; x_wconf 79' lang='grc' dir='ltr'><strong><em>πρὸς</em></strong></span> <span class='ocrx_word' id='word_1_205' title='bbox 288 2850 397 2923; x_wconf 69' lang='grc' dir='ltr'><strong><em>ἀρετὴν</em></strong></span> <span class='ocrx_word' id='word_1_206' title='bbox 417 2857 520 2925; x_wconf 76' lang='grc' dir='ltr'><strong><em>ψυχῆς</em></strong></span> <span class='ocrx_word' id='word_1_207' title='bbox 548 2847 607 2924; x_wconf 74' lang='grc' dir='ltr'><strong><em>ἐγώ</em></strong></span> <span class='ocrx_word' id='word_1_208' title='bbox 629 2851 662 2909; x_wconf 75' lang='grc' dir='ltr'><strong><em>δὲ</em></strong></span> <span class='ocrx_word' id='word_1_209' title='bbox 685 2856 773 2909; x_wconf 89' lang='grc' dir='ltr'><strong><em>τοῦτο</em></strong></span> <span class='ocrx_word' id='word_1_210' title='bbox 797 2848 872 2925; x_wconf 84' lang='grc' dir='ltr'><strong><em>πρός</em></strong></span> <span class='ocrx_word' id='word_1_211' title='bbox 888 2850 924 2910; x_wconf 90' lang='grc' dir='ltr'><strong><em>τό</em></strong></span> <span class='ocrx_word' id='word_1_212' title='bbox 942 2849 1132 2926; x_wconf 68' lang='grc' dir='ltr'><strong><em>ἁβροδίαιτον</em></strong></span> <span class='ocrx_word' id='word_1_213' title='bbox 1149 2857 1211 2909; x_wconf 81' lang='grc' dir='ltr'><strong><em>τῶν</em></strong></span> <span class='ocrx_word' id='word_1_214' title='bbox 1227 2850 1368 2908; x_wconf 77' lang='grc' dir='ltr'><strong><em>Φαιάκων</em></strong></span> 
     </span>
     <span class='ocr_line' id='line_1_26' title="bbox 199 2933 733 3004; baseline 0.007 -15"><span class='ocrx_word' id='word_1_215' title='bbox 199 2933 312 3004; x_wconf 77' lang='grc' dir='ltr'><strong><em>δίδωμι.</em></strong></span> <span class='ocrx_word' id='word_1_216' title='bbox 331 2967 364 2977; x_wconf 91' lang='lat'><em>-</em></span> <span class='ocrx_word' id='word_1_217' title='bbox 382 2954 407 2994; x_wconf 85' lang='lat' dir='ltr'><strong><em>v.</em></strong></span> <span class='ocrx_word' id='word_1_218' title='bbox 426 2936 501 2993; x_wconf 86' lang='lat' dir='ltr'>Serv.</span> <span class='ocrx_word' id='word_1_219' title='bbox 520 2937 590 2996; x_wconf 82' lang='lat' dir='ltr'>Aen.</span> <span class='ocrx_word' id='word_1_220' title='bbox 608 2938 659 2993; x_wconf 88' lang='lat' dir='ltr'><strong><em>VH</em></strong></span> <span class='ocrx_word' id='word_1_221' title='bbox 676 2941 733 2994; x_wconf 80' lang='lat'>268.</span> 
     </span>
     <span class='ocr_line' id='line_1_27' title="bbox 264 3020 1366 3093; baseline 0.001 -19"><span class='ocrx_word' id='word_1_222' title='bbox 264 3021 303 3062; x_wconf 75' lang='lat'><strong><em>2⁴2</em></strong></span> <span class='ocrx_word' id='word_1_223' title='bbox 322 3020 384 3077; x_wconf 86' lang='lat' dir='ltr'><strong><em>Huc</em></strong></span> <span class='ocrx_word' id='word_1_224' title='bbox 400 3038 457 3079; x_wconf 91' lang='lat' dir='ltr'><strong><em>non</em></strong></span> <span class='ocrx_word' id='word_1_225' title='bbox 474 3022 606 3093; x_wconf 87' lang='lat' dir='ltr'>pertinet,</span> <span class='ocrx_word' id='word_1_226' title='bbox 625 3022 700 3092; x_wconf 91' lang='lat' dir='ltr'>qnod</span> <span class='ocrx_word' id='word_1_227' title='bbox 715 3021 877 3078; x_wconf 82' lang='lat' dir='ltr'>Athenaeus</span> <span class='ocrx_word' id='word_1_228' title='bbox 894 3022 928 3078; x_wconf 89' lang='lat' dir='ltr'>de</span> <span class='ocrx_word' id='word_1_229' title='bbox 941 3021 1125 3079; x_wconf 82' lang='lat' dir='ltr'>Eratosthene</span> <span class='ocrx_word' id='word_1_230' title='bbox 1142 3021 1234 3087; x_wconf 68' lang='lat' dir='ltr'>habet,</span> <span class='ocrx_word' id='word_1_231' title='bbox 1250 3021 1301 3091; x_wconf 88' lang='lat' dir='ltr'><strong><em>lp.</em></strong></span> <span class='ocrx_word' id='word_1_232' title='bbox 1316 3021 1366 3077; x_wconf 75' lang='lat' dir='ltr'><strong><em>rod</em></strong></span> 
     </span>
    </p>

    <p class='ocr_par' dir='ltr' id='par_1_5' title="bbox 199 3096 1298 3183">
     <span class='ocr_line' id='line_1_28' title="bbox 199 3096 1298 3183; baseline 0.001 -23"><span class='ocrx_word' id='word_1_233' title='bbox 199 3096 414 3172; x_wconf 79' lang='grc' dir='ltr'><strong><em>ἀπολαυστικὸς</em></strong></span> <span class='ocrx_word' id='word_1_234' title='bbox 430 3104 463 3163; x_wconf 76' lang='grc' dir='ltr'><strong><em>δέ</em></strong></span> <span class='ocrx_word' id='word_1_235' title='bbox 482 3103 545 3162; x_wconf 77' lang='grc' dir='ltr'><strong><em>ἐστι</em></strong></span> <span class='ocrx_word' id='word_1_236' title='bbox 556 3098 627 3178; x_wconf 78' lang='grc' dir='ltr'><strong><em>παρ’</em></strong></span> <span class='ocrx_word' id='word_1_237' title='bbox 641 3103 721 3183; x_wconf 69' lang='grc' dir='ltr'><strong><em>αὐτῷ</em></strong></span> <span class='ocrx_word' id='word_1_238' title='bbox 736 3106 871 3180; x_wconf 82' lang='grc' dir='ltr'><strong><em>(Ὁμήρῳ)</em></strong></span> <span class='ocrx_word' id='word_1_239' title='bbox 888 3110 939 3164; x_wconf 81' lang='grc' dir='ltr'><strong><em>καὶ</em></strong></span> <span class='ocrx_word' id='word_1_240' title='bbox 957 3099 974 3163; x_wconf 89' lang='grc' dir='ltr'><strong><em>ό</em></strong></span> <span class='ocrx_word' id='word_1_241' title='bbox 989 3110 1050 3162; x_wconf 84' lang='grc' dir='ltr'><strong><em>τῶν</em></strong></span> <span class='ocrx_word' id='word_1_242' title='bbox 1067 3106 1207 3162; x_wconf 79' lang='grc' dir='ltr'><strong><em>Φαιάκων</em></strong></span> <span class='ocrx_word' id='word_1_243' title='bbox 1221 3102 1298 3178; x_wconf 76' lang='grc' dir='ltr'><strong><em>βίος·</em></strong></span> 
     </span>
    </p>

    <p class='ocr_par' dir='ltr' id='par_1_6' title="bbox 300 3183 1059 3263">
     <span class='ocr_line' id='line_1_29' title="bbox 300 3183 1059 3263; baseline 0.001 -18"><span class='ocrx_word' id='word_1_244' title='bbox 300 3186 335 3245; x_wconf 80' lang='grc' dir='ltr'><strong><em>σθ</em></strong></span> <span class='ocrx_word' id='word_1_245' title='bbox 351 3185 408 3261; x_wconf 81' lang='grc' dir='ltr'><strong><em>γάρ</em></strong></span> <span class='ocrx_word' id='word_1_246' title='bbox 427 3184 523 3261; x_wconf 73' lang='grc' dir='ltr'><strong><em>ἔχωχό</em></strong></span> <span class='ocrx_word' id='word_1_247' title='bbox 538 3193 567 3245; x_wconf 81' lang='grc' dir='ltr'><strong><em>τί</em></strong></span> <span class='ocrx_word' id='word_1_248' title='bbox 584 3209 657 3261; x_wconf 86' lang='grc' dir='ltr'><strong><em>φημι</em></strong></span> <span class='ocrx_word' id='word_1_249' title='bbox 674 3188 759 3255; x_wconf 78' lang='grc' dir='ltr'><strong><em>τέλος</em></strong></span> <span class='ocrx_word' id='word_1_250' title='bbox 772 3189 967 3263; x_wconf 74' lang='grc' dir='ltr'><strong><em>χαριέστερον</em></strong></span> <span class='ocrx_word' id='word_1_251' title='bbox 984 3183 1059 3247; x_wconf 75' lang='grc' dir='ltr'><strong><em>εἶναι</em></strong></span> 
     </span>
    </p>

    <p class='ocr_par' dir='ltr' id='par_1_7' title="bbox 299 3265 1448 3350">
     <span class='ocr_line' id='line_1_30' title="bbox 299 3265 1448 3350; baseline 0.004 -21"><span class='ocrx_word' id='word_1_252' title='bbox 299 3268 316 3343; x_wconf 71' lang='grc' dir='ltr'>ἢ</span> <span class='ocrx_word' id='word_1_253' title='bbox 334 3265 378 3330; x_wconf 79' lang='grc' dir='ltr'><strong><em>ὅτ’</em></strong></span> <span class='ocrx_word' id='word_1_254' title='bbox 394 3268 431 3329; x_wconf 88' lang='grc' dir='ltr'><strong><em>ἀν</em></strong></span> <span class='ocrx_word' id='word_1_255' title='bbox 448 3272 612 3345; x_wconf 76' lang='grc' dir='ltr'><strong><em>εὐφροσύνη</em></strong></span> <span class='ocrx_word' id='word_1_256' title='bbox 627 3272 683 3343; x_wconf 75' lang='grc' dir='ltr'><strong><em>μὲν</em></strong></span> <span class='ocrx_word' id='word_1_257' title='bbox 700 3271 752 3345; x_wconf 80' lang='grc' dir='ltr'><strong><em>ἔχη</em></strong></span> <span class='ocrx_word' id='word_1_258' title='bbox 769 3269 846 3330; x_wconf 88' lang='grc' dir='ltr'><strong><em>κατά</em></strong></span> <span class='ocrx_word' id='word_1_259' title='bbox 864 3276 957 3346; x_wconf 82' lang='grc' dir='ltr'><strong><em>δῆμον</em></strong></span> <span class='ocrx_word' id='word_1_260' title='bbox 973 3268 1097 3340; x_wconf 76' lang='grc' dir='ltr'><strong><em>ἅπαντα,</em></strong></span> <span class='ocrx_word' id='word_1_261' title='bbox 1377 3279 1448 3350; x_wconf 80' lang='grc' dir='ltr'><strong><em>(δῦθ)</em></strong></span> 
     </span>
    </p>

    <p class='ocr_par' dir='ltr' id='par_1_8' title="bbox 199 3349 1146 3515">
     <span class='ocr_line' id='line_1_31' title="bbox 300 3349 1146 3429; baseline 0.005 -18"><span class='ocrx_word' id='word_1_262' title='bbox 300 3353 472 3427; x_wconf 80' lang='grc' dir='ltr'><strong><em>δαιτυμόνες</em></strong></span> <span class='ocrx_word' id='word_1_263' title='bbox 488 3350 517 3412; x_wconf 88' lang='grc' dir='ltr'><strong><em>δ’</em></strong></span> <span class='ocrx_word' id='word_1_264' title='bbox 534 3350 589 3414; x_wconf 90' lang='grc' dir='ltr'><strong><em>ἀνά</em></strong></span> <span class='ocrx_word' id='word_1_265' title='bbox 605 3350 714 3427; x_wconf 78' lang='grc' dir='ltr'><strong><em>δώματ’</em></strong></span> <span class='ocrx_word' id='word_1_266' title='bbox 731 3349 933 3427; x_wconf 74' lang='grc' dir='ltr'><strong><em>ἀκουάζωνται</em></strong></span> <span class='ocrx_word' id='word_1_267' title='bbox 951 3352 1053 3415; x_wconf 78' lang='grc' dir='ltr'><strong><em>ἀοιδοῦ</em></strong></span> <span class='ocrx_word' id='word_1_268' title='bbox 1072 3363 1093 3429; x_wconf 90' lang='grc' dir='ltr'><strong><em>(ι</em></strong></span> <span class='ocrx_word' id='word_1_269' title='bbox 1112 3362 1146 3429; x_wconf 85' lang='grc'><strong><em>5),</em></strong></span> 
     </span>
     <span class='ocr_line' id='line_1_32' title="bbox 199 3430 1074 3515; baseline 0.002 -17"><span class='ocrx_word' id='word_1_270' title='bbox 199 3436 217 3498; x_wconf 82' lang='lat' dir='ltr'>t</span> <span class='ocrx_word' id='word_1_271' title='bbox 236 3436 290 3511; x_wconf 76' lang='grc' dir='ltr'><strong><em>ἔντη</em></strong></span> <span class='ocrx_word' id='word_1_272' title='bbox 307 3433 518 3513; x_wconf 74' lang='grc' dir='ltr'><strong><em>Ἐρατοσθένης</em></strong></span> <span class='ocrx_word' id='word_1_273' title='bbox 535 3430 626 3498; x_wconf 69' lang='lat' dir='ltr'>otta</span> <span class='ocrx_word' id='word_1_274' title='bbox 643 3442 718 3498; x_wconf 82' lang='grc' dir='ltr'><strong><em>δεῖν</em></strong></span> <span class='ocrx_word' id='word_1_275' title='bbox 736 3441 940 3514; x_wconf 80' lang='grc' dir='ltr'><strong><em>γεγράφθαι</em></strong></span> <span class='ocrx_word' id='word_1_276' title='bbox 957 3444 1074 3515; x_wconf 82' lang='grc' dir='ltr'><strong><em>φησίν·</em></strong></span> 
     </span>
    </p>

    <p class='ocr_par' dir='ltr' id='par_1_9' title="bbox 300 3520 1429 3600">
     <span class='ocr_line' id='line_1_33' title="bbox 300 3520 1429 3600; baseline 0.004 -18"><span class='ocrx_word' id='word_1_277' title='bbox 300 3525 335 3582; x_wconf 81' lang='grc' dir='ltr'><strong><em>οῦ</em></strong></span> <span class='ocrx_word' id='word_1_278' title='bbox 351 3520 407 3599; x_wconf 87' lang='grc' dir='ltr'><strong><em>χάρ</em></strong></span> <span class='ocrx_word' id='word_1_279' title='bbox 427 3520 522 3597; x_wconf 77' lang='grc' dir='ltr'><strong><em>λχαχά</em></strong></span> <span class='ocrx_word' id='word_1_280' title='bbox 538 3528 568 3582; x_wconf 74' lang='grc' dir='ltr'><strong><em>τί</em></strong></span> <span class='ocrx_word' id='word_1_281' title='bbox 584 3544 657 3598; x_wconf 84' lang='grc' dir='ltr'><strong><em>φημι</em></strong></span> <span class='ocrx_word' id='word_1_282' title='bbox 674 3523 760 3591; x_wconf 79' lang='grc' dir='ltr'><strong><em>τέλος</em></strong></span> <span class='ocrx_word' id='word_1_283' title='bbox 773 3526 968 3600; x_wconf 77' lang='grc' dir='ltr'><strong><em>χαριέστερον</em></strong></span> <span class='ocrx_word' id='word_1_284' title='bbox 984 3520 1060 3585; x_wconf 75' lang='grc' dir='ltr'><strong><em>εἶναι</em></strong></span> <span class='ocrx_word' id='word_1_285' title='bbox 1383 3546 1429 3596; x_wconf 74' lang='lat'><strong><em>341</em></strong></span> 
     </span>
    </p>

    <p class='ocr_par' dir='ltr' id='par_1_10' title="bbox 300 3603 1197 3685">
     <span class='ocr_line' id='line_1_34' title="bbox 300 3603 1197 3685; baseline 0.002 -19"><span class='ocrx_word' id='word_1_286' title='bbox 300 3603 317 3679; x_wconf 80' lang='grc' dir='ltr'><strong><em>ἢ</em></strong></span> <span class='ocrx_word' id='word_1_287' title='bbox 333 3605 405 3666; x_wconf 79' lang='grc' dir='ltr'><strong><em>ὅταν</em></strong></span> <span class='ocrx_word' id='word_1_288' title='bbox 423 3603 587 3683; x_wconf 82' lang='grc' dir='ltr'><strong><em>εδφρσσάνη</em></strong></span> <span class='ocrx_word' id='word_1_289' title='bbox 603 3609 659 3680; x_wconf 75' lang='grc' dir='ltr'><strong><em>μὲν</em></strong></span> <span class='ocrx_word' id='word_1_290' title='bbox 675 3603 728 3681; x_wconf 74' lang='grc' dir='ltr'><strong><em>ἔχη</em></strong></span> <span class='ocrx_word' id='word_1_291' title='bbox 743 3605 940 3683; x_wconf 79' lang='grc' dir='ltr'><strong><em>κακότητος</em></strong></span> <span class='ocrx_word' id='word_1_292' title='bbox 957 3605 1125 3685; x_wconf 75' lang='grc' dir='ltr'><strong><em>ἀπούσης,</em></strong></span> <span class='ocrx_word' id='word_1_293' title='bbox 1196 3644 1197 3647; x_wconf 60' lang='lat'><em>=</em></span> 
     </span>
    </p>

    <p class='ocr_par' dir='ltr' id='par_1_11' title="bbox 198 3686 1368 4109">
     <span class='ocr_line' id='line_1_35' title="bbox 302 3686 636 3763; baseline 0 -14"><span class='ocrx_word' id='word_1_294' title='bbox 302 3687 474 3763; x_wconf 84' lang='grc' dir='ltr'><strong><em>δαιτυμόνες</em></strong></span> <span class='ocrx_word' id='word_1_295' title='bbox 492 3686 519 3749; x_wconf 78' lang='grc' dir='ltr'><strong><em>δ’</em></strong></span> <span class='ocrx_word' id='word_1_296' title='bbox 539 3686 593 3752; x_wconf 82' lang='grc' dir='ltr'><strong><em>ἀνά</em></strong></span> <span class='ocrx_word' id='word_1_297' title='bbox 611 3697 636 3751; x_wconf 92' lang='grc' dir='ltr'><strong><em>δ.</em></strong></span> 
     </span>
     <span class='ocr_line' id='line_1_36' title="bbox 200 3778 1367 3854; baseline 0.003 -21"><span class='ocrx_word' id='word_1_298' title='bbox 200 3778 253 3833; x_wconf 83' lang='grc' dir='ltr'><strong><em>Ηίο</em></strong></span> <span class='ocrx_word' id='word_1_299' title='bbox 271 3796 328 3834; x_wconf 90' lang='lat' dir='ltr'><strong><em>non</em></strong></span> <span class='ocrx_word' id='word_1_300' title='bbox 344 3779 558 3849; x_wconf 73' lang='lat' dir='ltr'>grammaticum</span> <span class='ocrx_word' id='word_1_301' title='bbox 575 3780 703 3836; x_wconf 84' lang='lat' dir='ltr'>audimus</span> <span class='ocrx_word' id='word_1_302' title='bbox 720 3781 769 3836; x_wconf 84' lang='lat' dir='ltr'>sed</span> <span class='ocrx_word' id='word_1_303' title='bbox 786 3780 997 3853; x_wconf 84' lang='lat' dir='ltr'>philosophum</span> <span class='ocrx_word' id='word_1_304' title='bbox 1019 3782 1196 3854; x_wconf 82' lang='lat' dir='ltr'>pertinetque</span> <span class='ocrx_word' id='word_1_305' title='bbox 1214 3783 1267 3839; x_wconf 90' lang='lat' dir='ltr'><strong><em>hoo</em></strong></span> <span class='ocrx_word' id='word_1_306' title='bbox 1284 3783 1321 3838; x_wconf 87' lang='lat' dir='ltr'>ad</span> <span class='ocrx_word' id='word_1_307' title='bbox 1338 3783 1367 3838; x_wconf 89' lang='lat' dir='ltr'>id</span> 
     </span>
     <span class='ocr_line' id='line_1_37' title="bbox 198 3859 1369 3970; baseline 0.003 -52"><span class='ocrx_word' id='word_1_308' title='bbox 198 3862 354 3931; x_wconf 65' lang='grc'><strong>3111111111</strong></span> <span class='ocrx_word' id='word_1_309' title='bbox 377 3879 432 3933; x_wconf 90' lang='lat' dir='ltr'><strong><em>qno</em></strong></span> <span class='ocrx_word' id='word_1_310' title='bbox 450 3862 524 3921; x_wconf 90' lang='lat' dir='ltr'>Plnt.</span> <span class='ocrx_word' id='word_1_311' title='bbox 541 3864 605 3919; x_wconf 88' lang='lat' dir='ltr'>aud.</span> <span class='ocrx_word' id='word_1_312' title='bbox 623 3867 696 3935; x_wconf 83' lang='lat' dir='ltr'>poet.</span> <span class='ocrx_word' id='word_1_313' title='bbox 716 3871 768 3923; x_wconf 78' lang='lat'><strong><em>330</em></strong></span> <span class='ocrx_word' id='word_1_314' title='bbox 791 3862 866 3923; x_wconf 77' lang='grc' dir='ltr'><strong><em>ὅθεν</em></strong></span> <span class='ocrx_word' id='word_1_315' title='bbox 882 3859 947 3922; x_wconf 70' lang='grc' dir='ltr'><strong><em>οὐδ’</em></strong></span> <span class='ocrx_word' id='word_1_316' title='bbox 965 3864 997 3923; x_wconf 82' lang='grc' dir='ltr'><strong><em>αλ</em></strong></span> <span class='ocrx_word' id='word_1_317' title='bbox 1017 3861 1275 3970; x_wconf 84' lang='grc' dir='ltr'><strong><em>παραδιορθωσεις</em></strong></span> <span class='ocrx_word' id='word_1_318' title='bbox 1294 3886 1369 3939; x_wconf 77' lang='lat' dir='ltr'><strong><em>puv-</em></strong></span> 
     </span>
     <span class='ocr_line' id='line_1_38' title="bbox 198 3939 1368 4025; baseline 0.005 -23"><span class='ocrx_word' id='word_1_319' title='bbox 198 3952 256 4012; x_wconf 88' lang='grc' dir='ltr'><strong><em>λως</em></strong></span> <span class='ocrx_word' id='word_1_320' title='bbox 272 3945 395 4017; x_wconf 72' lang='grc' dir='ltr'><strong><em>ἔχουσιν,</em></strong></span> <span class='ocrx_word' id='word_1_321' title='bbox 415 3939 461 4014; x_wconf 78' lang='grc' dir='ltr'><strong><em>αἶς</em></strong></span> <span class='ocrx_word' id='word_1_322' title='bbox 472 3950 523 4005; x_wconf 81' lang='grc' dir='ltr'><strong><em>καὶ</em></strong></span> <span class='ocrx_word' id='word_1_323' title='bbox 532 3949 685 4020; x_wconf 82' lang='grc' dir='ltr'><strong><em>Κλεανθης</em></strong></span> <span class='ocrx_word' id='word_1_324' title='bbox 702 3947 847 4025; x_wconf 76' lang='grc' dir='ltr'><strong><em>ἐχρήσατο</em></strong></span> <span class='ocrx_word' id='word_1_325' title='bbox 865 3952 917 4006; x_wconf 82' lang='grc' dir='ltr'><strong><em>καλ</em></strong></span> <span class='ocrx_word' id='word_1_326' title='bbox 927 3942 1153 4023; x_wconf 78' lang='grc' dir='ltr'><strong><em>Αντισθένης</em></strong></span> <span class='ocrx_word' id='word_1_327' title='bbox 1137 3972 1154 4007; x_wconf 95' lang='grc' dir='ltr'><strong><em>ο</em></strong></span> <span class='ocrx_word' id='word_1_328' title='bbox 1169 3942 1274 4021; x_wconf 74' lang='grc' dir='ltr'><strong><em>μὲν</em></strong></span> <span class='ocrx_word' id='word_1_329' title='bbox 1241 3970 1274 4008; x_wconf 88' lang='grc' dir='ltr'><strong><em>ευ</em></strong></span> <span class='ocrx_word' id='word_1_330' title='bbox 1290 3945 1368 4021; x_wconf 89' lang='grc' dir='ltr'><strong><em>μάλα</em></strong></span> 
     </span>
     <span class='ocr_line' id='line_1_39' title="bbox 198 4022 1022 4109; baseline 0.005 -21"><span class='ocrx_word' id='word_1_331' title='bbox 198 4028 267 4096; x_wconf 93' lang='grc' dir='ltr'><strong><em>τους</em></strong></span> <span class='ocrx_word' id='word_1_332' title='bbox 281 4022 447 4102; x_wconf 81' lang='grc' dir='ltr'><strong><em>Ἀθηναλους</em></strong></span> <span class='ocrx_word' id='word_1_333' title='bbox 464 4027 537 4088; x_wconf 69' lang='lat' dir='ltr'>latr</span> <span class='ocrx_word' id='word_1_334' title='bbox 553 4036 777 4106; x_wconf 72' lang='grc' dir='ltr'><strong><em>θορυβήσαντας</em></strong></span> <span class='ocrx_word' id='word_1_335' title='bbox 793 4033 827 4091; x_wconf 80' lang='grc' dir='ltr'><strong><em>ἀν</em></strong></span> <span class='ocrx_word' id='word_1_336' title='bbox 843 4053 887 4109; x_wconf 80' lang='grc' dir='ltr'><strong><em>τρι</em></strong></span> <span class='ocrx_word' id='word_1_337' title='bbox 903 4030 1022 4109; x_wconf 78' lang='grc' dir='ltr'><strong><em>θεάτρῳ</em></strong></span> 
     </span>
    </p>

    <p class='ocr_par' dir='ltr' id='par_1_12' title="bbox 197 4109 1011 4272">
     <span class='ocr_line' id='line_1_40' title="bbox 298 4109 1011 4191; baseline 0.006 -19"><span class='ocrx_word' id='word_1_338' title='bbox 298 4110 374 4172; x_wconf 74' lang='grc' dir='ltr'><strong><em>τίδ’</em></strong></span> <span class='ocrx_word' id='word_1_339' title='bbox 390 4109 555 4188; x_wconf 50' lang='lat' dir='ltr'>aleppiae*</span> <span class='ocrx_word' id='word_1_340' title='bbox 538 4136 573 4187; x_wconf 87' lang='grc' dir='ltr'><strong><em>ην</em></strong></span> <span class='ocrx_word' id='word_1_341' title='bbox 589 4114 629 4189; x_wconf 74' lang='grc' dir='ltr'><strong><em>μὴ</em></strong></span> <span class='ocrx_word' id='word_1_342' title='bbox 644 4124 723 4175; x_wconf 85' lang='grc' dir='ltr'><strong><em>τοῖσι</em></strong></span> <span class='ocrx_word' id='word_1_343' title='bbox 738 4118 905 4191; x_wconf 74' lang='grc' dir='ltr'><strong><em>χρωμένοις</em></strong></span> <span class='ocrx_word' id='word_1_344' title='bbox 922 4121 1011 4191; x_wconf 70' lang='grc' dir='ltr'><strong><em>δοκῇς</em></strong></span> 
     </span>
     <span class='ocr_line' id='line_1_41' title="bbox 197 4191 495 4272; baseline 0.007 -17"><span class='ocrx_word' id='word_1_345' title='bbox 197 4192 392 4272; x_wconf 77' lang='grc' dir='ltr'><strong><em>παραβάλλων</em></strong></span> <span class='ocrx_word' id='word_1_346' title='bbox 409 4191 495 4266; x_wconf 74' lang='grc' dir='ltr'><strong><em>εάθῦς</em></strong></span> 
     </span>
    </p>

    <p class='ocr_par' dir='ltr' id='par_1_13' title="bbox 199 4279 1059 4444">
     <span class='ocr_line' id='line_1_42' title="bbox 300 4279 1059 4363; baseline 0.008 -22"><span class='ocrx_word' id='word_1_347' title='bbox 300 4279 475 4357; x_wconf 85' lang='grc' dir='ltr'><strong><em>αἰσχρὸν’</em></strong></span> <span class='ocrx_word' id='word_1_348' title='bbox 440 4304 475 4342; x_wconf 88' lang='grc' dir='ltr'><strong><em>το</em></strong></span> <span class='ocrx_word' id='word_1_349' title='bbox 492 4306 553 4357; x_wconf 80' lang='grc' dir='ltr'><strong><em>χα</em></strong></span> <span class='ocrx_word' id='word_1_350' title='bbox 536 4282 719 4361; x_wconf 79' lang='grc' dir='ltr'><strong><em>αἰσχρόν,</em></strong></span> <span class='ocrx_word' id='word_1_351' title='bbox 684 4308 740 4347; x_wconf 89' lang='grc' dir='ltr'><strong><em>καν</em></strong></span> <span class='ocrx_word' id='word_1_352' title='bbox 756 4285 882 4361; x_wconf 87' lang='grc' dir='ltr'><strong><em>δοκη</em></strong></span> <span class='ocrx_word' id='word_1_353' title='bbox 847 4309 903 4351; x_wconf 83' lang='grc' dir='ltr'><strong><em>καν</em></strong></span> <span class='ocrx_word' id='word_1_354' title='bbox 918 4287 959 4363; x_wconf 81' lang='grc' dir='ltr'><strong><em>μὴ</em></strong></span> <span class='ocrx_word' id='word_1_355' title='bbox 977 4292 1059 4363; x_wconf 76' lang='grc' dir='ltr'><strong><em>δοκῇ.</em></strong></span> 
     </span>
     <span class='ocr_line' id='line_1_43' title="bbox 199 4366 737 4444; baseline 0.009 -18"><span class='ocrx_word' id='word_1_356' title='bbox 199 4392 215 4426; x_wconf 95' lang='grc' dir='ltr'><strong><em>σ</em></strong></span> <span class='ocrx_word' id='word_1_357' title='bbox 207 4368 267 4427; x_wconf 70' lang='lat' dir='ltr'>oe</span> <span class='ocrx_word' id='word_1_358' title='bbox 285 4366 438 4442; x_wconf 77' lang='grc' dir='ltr'><strong><em>Κλεάνθης</em></strong></span> <span class='ocrx_word' id='word_1_359' title='bbox 454 4375 522 4444; x_wconf 79' lang='grc' dir='ltr'><strong><em>περὶ</em></strong></span> <span class='ocrx_word' id='word_1_360' title='bbox 539 4378 593 4430; x_wconf 87' lang='grc' dir='ltr'><strong><em>τοῦ</em></strong></span> <span class='ocrx_word' id='word_1_361' title='bbox 608 4366 737 4431; x_wconf 86' lang='grc' dir='ltr'><strong><em>αλοότου</em></strong></span> 
     </span>
    </p>
   </div>
   <div class='ocr_carea' id='block_1_5' title="bbox 0 0 1719 4934">
    <p class='ocr_par' dir='ltr' id='par_1_14' title="bbox 0 0 1719 4934">
     <span class='ocr_line' id='line_1_44' title="bbox 0 0 1719 4934; baseline 0 0"><span class='ocrx_word' id='word_1_362' title='bbox 0 0 1719 4934; x_wconf 95' lang='lat' dir='ltr'><strong><em> </em></strong></span> 
     </span>
    </p>
   </div>
  </div>
 </body>
</html>
