3425 4934
370 389 394 441 2.
420 383 533 453 Didymi
549 384 620 440 hher
637 384 672 439 de
689 384 842 440 Aristarchi
860 385 983 440 editione
1000 385 1120 441 Homeri.
1291 392 1327 452 19

157 553 255 629 σθαι,
278 551 424 631 „videtur
437 552 489 616 hic
504 572 592 617 error
613 551 831 636 pererebuisse
852 575 911 637 per
930 551 1148 637 Dionysium.“
1176 553 1328 616 Attamen

158 653 326 723 δεδόσθαι
346 681 457 724 verum
471 660 540 727 erit.
581 659 741 744 Atheneg.
761 659 859 746 leget.
873 682 904 744 p.
925 665 982 728 134
1006 661 1086 745 <non
1102 659 1329 744 Athenagorae

157 770 235 829 sunt
256 787 339 850 quae
361 771 547 851 sequuntur,
569 766 625 832 sed
648 766 838 832 scholiastae
859 765 949 833 Pind.
970 765 1063 833 Nem.
1078 766 1108 831 X
1124 764 1198 850 150>
1215 758 1329 828 Ἡσίο-

158 871 217 949 δος
238 864 315 937 οὔτε
332 867 456 959 Λήδας
476 864 551 938 οὔτε
572 869 747 955 Νεμέσεως
768 869 887 939 δίδωσι
907 871 967 962 τήν
983 867 1128 961 Ἑλένην,
1156 864 1244 936 ἀλλὰ
1265 874 1330 935 θυ-

158 975 281 1063 γατέρα
306 972 463 1045 Ὠκεανοῦ
488 977 545 1045 καὶ
574 975 716 1065 Τηθύος.
763 981 856 1049 Unde
880 981 1074 1068 intelligitur
1109 979 1209 1047 schol.
1237 978 1330 1043 Pind.

158 1087 252 1173 Pyth.
281 1087 313 1153 V
338 1093 377 1157 93
405 1080 475 1152 άπδ
508 1078 566 1154 οδν
595 1092 652 1176 τῆς
672 1085 788 1155 Πάλου
815 1087 875 1177 τήν
901 1084 1078 1177 Μεσσήνην
1098 1081 1261 1174 σημαίνει.
1298 1079 1330 1150 οὶ

156 1192 219 1277 γὰρ
245 1187 399 1278 νεώτεροι
425 1192 486 1283 τήν
513 1190 638 1275 Πάλον,
667 1185 705 1283 ἧς
730 1187 749 1262 δ
776 1192 912 1279 Νέστωρ
937 1190 1060 1284 ἡγεῖτο,
1095 1188 1133 1261 οὐ
1169 1190 1246 1277 περὶ
1272 1188 1331 1279 τήν

161 1296 351 1388 Τριφυλίαν
370 1305 428 1390 τῆς
446 1295 633 1385 Ἀρκαδίας,
661 1295 749 1369 άλλὰ
772 1302 850 1388 περὶ
876 1302 935 1392 τήν
963 1300 1137 1392 Μεσσήνην
1167 1295 1329 1366 διδόασιν.

159 1409 223 1475 Sed
248 1410 325 1476 nolo
352 1433 437 1476 nunc
463 1411 502 1477 de
531 1434 592 1476 usu
619 1411 714 1477 huius
740 1412 901 1494 vocabuli,
922 1414 977 1497 qui
1007 1412 1048 1477 ab
1079 1411 1191 1477 eedem
1223 1409 1330 1474 radice
1343 1407 1397 1478 (λῖ)

158 1521 357 1603 propagatus
382 1518 551 1602 multiplex
580 1523 613 1584 et
647 1520 752 1585 varius
788 1520 874 1604 apud
909 1520 1135 1604 grammaticos
1167 1517 1332 1601 reperitur,

159 1623 261 1689 fusius
288 1624 454 1709 explicare.
502 1626 555 1692 Ad
580 1630 726 1692 nostrum
753 1634 861 1691 temen
887 1626 996 1691 locum
1019 1624 1244 1691 vindicandum
1270 1625 1333 1688 hoe

160 1753 279 1816 ponem
305 1730 497 1797 Herodiani:
525 1736 640 1801 11207
660 1736 782 1798 ναῦται
812 1730 869 1797 ἐπὶ
889 1731 949 1821 τήν
968 1755 1010 1796 τα
1036 1730 1206 1817 συλλαβήν
1232 1723 1333 1809 ὀξεῖα·

160 1835 323 1926 ἐγκλιτική
350 1836 413 1924 γάρ
442 1836 531 1904 ἐστιν
558 1835 577 1929 ή
602 1839 657 1922 με’,
685 1834 788 1905 ταῦτά
820 1833 853 1924 μ’
885 1833 1100 1925 ἀγειρόμενοι.
1144 1834 1247 1915 οὕτως
1276 1835 1334 1904 καὶ

156 1938 375 2032 Ἀρίσταρχος.
398 1939 417 2013 δ
438 1943 553 2029 μέντοι
569 1941 771 2035 Κρατήτειος
785 1939 941 2032 Ἑρμείας
959 1945 997 2013 τδ
1024 1942 1094 2029 ἅμα
1116 1942 1203 2030 λέγει
1229 1943 1334 2030 ἐγκεῖ-
1351 1957 1382 2008 19

160 2057 252 2118 σθαι.
283 2049 368 2119 οὕτω
391 2052 428 2118 δὲ
450 2049 552 2120 δώσει
575 2051 631 2119 καὶ
653 2052 711 2119 διὰ
740 2057 798 2119 τοῦ
822 2058 850 2119 3
870 2053 927 2145 τὴν
948 2050 1093 2142 γραφήν,
1115 2047 1175 2119 οὐκ
1196 2048 1334 2134 ἔχουσαν

161 2156 273 2239 οὕτως.
317 2161 407 2248 Ergo
429 2167 515 2229 recte
539 2163 662 2228 dicetur
683 2157 898 2241 δΔιονάσιος
917 2157 1036 2248 ταύτην
1056 2159 1115 2249 τήν
1136 2157 1266 2249 γραφήν
1286 2156 1335 2226 δι’·

162 2268 261 2334 δωοιν
286 2264 331 2347 ὡς
354 2262 598 2354 Ἀριστάρχειον
624 2271 676 2336 vel
698 2264 717 2337 δ
738 2267 917 2348 Διονύσιος
941 2272 1039 2335 τοῦτο
1067 2264 1201 2333 δίδωσιν
1225 2263 1261 2332 ἐν
1287 2290 1334 2353 την

162 2374 237 2460 περὶ
256 2373 460 2465 ποσατήτων.
482 2415 522 2426 -

241 2478 329 2569 Παρ’
354 2475 375 2551 δ
401 2482 441 2572 δή
470 2481 526 2550 καὶ
547 2480 632 2549 κατά
656 2508 730 2550 τινα
756 2487 823 2551 τῶν
842 2478 1090 2571 ὑπομνημάτων
1108 2481 1334 2570 μετειλήφδαι

162 2587 198 2657 τὸ
226 2589 312 2677 μέγα
339 2585 412 2658 ἀντὶ
436 2595 496 2658 τοῦ
520 2586 681 2678 μεγάλως.
724 2574 807 2659 ΗοεΙ
822 2595 939 2659 mirum
965 2596 1026 2658 est:
1059 2597 1223 2676 exspectes
1250 2591 1334 2657 enim

163 2698 463 2787 ...μετειλήφδαι
483 2697 523 2766 τδ
546 2697 634 2784 μέγα
655 2692 703 2776 εἰς
722 2697 760 2766 ιδ
781 2693 934 2784 μεγάλως
954 2701 1006 2766 vel
1027 2721 1061 2781 μ.
1082 2693 1154 2764 ἀντὶ
1170 2701 1230 2762 τοῦ
1250 2694 1335 2781 μέγα

162 2803 199 2871 τὸ
219 2801 382 2891 μεγάλως.
429 2807 494 2874 Sed
519 2809 558 2875 de
585 2809 648 2874 hoe
669 2809 777 2874 statim
800 2808 916 2874 dicam:
942 2809 1090 2893 primum,
1116 2830 1157 2872 ne
1179 2807 1251 2891 quis
1272 2805 1333 2870 flu·

164 2919 259 2994 thret,
282 2916 422 2982 monebo
441 2913 579 2979 needed
594 2910 817 3002 ὑπομνήματα
831 2938 897 2980 non
920 2937 989 2981 esse
1009 2915 1072 2979 nisi
1089 2915 1148 2998 „in
1170 2935 1333 2979 commen·

163 3024 280 3089 turiis.“
322 3023 462 3090 Ariston.
487 3026 559 3091 An
585 3016 645 3087 οὐκ
669 3020 735 3108 ἄρα
761 3014 943 3108 γεγάμηται
967 3014 1021 3105 ὕφ’
1046 3015 1258 3104 Ἡρακλέους,
1288 3013 1335 3097 ὠς

164 3125 198 3192 δν
221 3133 292 3207 τοῖς
315 3129 401 3195 κατὰ
426 3130 488 3216 τήν
512 3127 643 3196 νέκυιαν
668 3124 898 3218 ήδετημδνοις.
945 3128 1102 3214 Didymus
1133 3131 1205 3195 Ao
1233 3124 1334 3212 ἐῳνο-

161 3231 249 3314 χόειτ
277 3229 348 3301 κατ’
372 3232 445 3303 ἔνια
466 3241 532 3304 τῶν
550 3230 797 3324 ὑπομνημάτων
823 3231 999 3323 δνῳνοχόει
1026 3231 1171 3324 φέρεται.
1214 3235 1274 3319 (uf.
1298 3239 1335 3297 H

164 3350 192 3412 6.
213 3348 297 3428 452.)
336 3344 522 3411 Promisoue
543 3348 646 3412 utitur
667 3342 702 3411 ἐν
721 3347 793 3422 τοῖς
811 3337 1032 3433 ὑπομνήμασι
1053 3348 1087 3411 et
1108 3340 1165 3408 διὰ
1187 3345 1254 3406 τῶν
1279 3339 1334 3409 ὑπ.

165 3455 197 3516 et
231 3445 328 3516 κατά.
385 3452 450 3521 sed
484 3454 549 3519 iam
584 3454 623 3519 de
657 3451 815 3521 vocabulo
850 3445 1122 3535 μεταλαμβάνειν
1157 3450 1336 3517 dicendum.

166 3553 456 3642 Μεταλαμβάνειν,
481 3560 567 3646 quod
581 3560 667 3645 spud
681 3561 832 3645 antiquos
854 3564 905 3626 est
917 3562 1150 3640 „commutare
1167 3566 1207 3639 (v.
1222 3558 1337 3625 Greser

165 3688 245 3752 spec.
267 3665 393 3733 Piston.
415 3691 445 3753 p.
467 3672 534 3752 86),
558 3667 644 3752 apud
670 3667 896 3753 grammaticos
918 3671 967 3732 est
987 3666 1069 3745 „elio
1094 3667 1192 3732 modo
1215 3666 1337 3732 dicere“

164 3773 214 3838 vel
231 3797 331 3860 parva
343 3774 407 3840 looi
421 3775 600 3840 mutatione
618 3774 703 3840 fecto
723 3778 760 3840 ut
780 3774 864 3840 nlius
885 3795 997 3839 sensus
1021 3773 1142 3854 evndst,
1162 3773 1181 3837 i
1204 3795 1230 3839 e.
1249 3795 1335 3856 παρ·

166 3880 276 3964 ωδιῖν,
303 3886 342 3946 ut
368 3881 486 3947 Athen.
507 3879 587 3947 VIII
607 3881 684 3951 336s
704 3884 848 3966 κρεῖττον
869 3863 902 3945 δ’
927 3873 969 3943 δν
989 3869 1065 3960 εἶχε,
1088 3875 1187 3967 φησὶν
1208 3870 1227 3945 δ
1248 3874 1337 3962 Χρύ-

166 4006 306 4073 σιππος,
333 3981 365 4052 εἰ
384 3983 580 4077 μετελήφθη
606 3986 648 4053 τὰ
680 3985 737 4054 ἐπὶ
760 3991 820 4054 τοῦ
846 3981 1140 4072 Σαρδαναπάλλου
1166 3980 1271 4062 οὕτως
1296 4023 1337 4034 -

165 4096 214 4161 vel
242 4096 333 4176 „aliis
358 4097 465 4163 verbis
493 4096 615 4163 δίτονα*
645 4101 683 4161 ut
705 4097 792 4162 idem
819 4118 933 4162 sensus
957 4099 1099 4176 menest,
1127 4098 1165 4159 ut
1187 4093 1337 4179 Apollon

165 4208 244 4288 synt
282 4210 357 4285 152,
395 4209 431 4272 13
466 4200 577 4287 νεαρὸν
609 4194 665 4269 οὖν
701 4197 808 4293 φάναι
845 4201 959 4286 „node
989 4205 1063 4280 ταῖς
1093 4197 1188 4283 ἐμαῖς
1216 4193 1340 4284 θύραις

165 4304 309 4394 ἕστηκα(
329 4309 389 4378 καὶ
408 4310 609 4395 μεταλαβεῖν
630 4306 741 4395 „node
759 4312 833 4389 ταῖς
853 4308 976 4395 θύραις
996 4332 1062 4392 μου
1085 4303 1239 4395 ἕστηκα.“
1276 4309 1340 4375 Hie

165 4440 241 4485 usus
266 4420 555 4505 frequentissimus
600 4419 738 4486 Ponitur
762 4419 814 4486 vel
842 4422 912 4486 sine
938 4418 1186 4547 praepositione,
1206 4421 1243 4483 ut
1260 4417 1340 4483 loeis

1097 4522 1112 4572 2
