3425 4934
346 338 386 402 62
424 333 458 388 11
487 332 528 388 De
545 331 723 389 Arinterehee
739 333 938 390 vocabulorum
955 329 1167 386 Homerieorum
1188 329 1427 401 interpretatione.

346 500 416 567 eod.
436 500 542 585 Am).
584 504 624 566 A
644 508 704 569 350
734 501 850 605 προίει
872 492 1125 580 δολιχόσκιον”
1102 519 1195 582 εχχος
1216 519 1275 562 και
1265 493 1411 581 βάλεν,
1440 489 1514 563 οὐδ’

346 600 529 696 ἀφάμαρτε,
548 627 779 689 τιτυσκομενος
799 586 1046 695 κεφαλῆφινᾎ
1023 629 1125 692 ακρην
1143 604 1207 671 κὰκ
1225 599 1374 691 κόρυθα·
1401 626 1517 691 σημει-

346 711 461 780 οῦνταί
473 738 561 794 τινες
575 711 628 782 ὅτι
643 710 746 793 οἱίτινς
765 704 894 798 εἴρηται
907 737 965 779 και
956 708 1147 794 ἐπέτυχεν.
1181 717 1221 778 Λ
1234 720 1296 782 376
1318 706 1337 779 ὁ
1361 709 1398 778 δε
1418 705 1516 792 τόξου

345 825 450 911 πῆχυν
464 814 581 888 άνελκε
595 846 653 888 και
644 817 775 906 βάλεν,
791 814 905 886 οὐδ”’
881 844 947 906 αρα
961 844 1020 903 μιν
1033 818 1132 886 άλιον
1145 816 1281 905 βέλος”
1259 844 1382 909 εκφυχε
1393 813 1514 903 χειρός,

344 928 467 1017 ταρσὸν
480 930 660 1015 δεξιτεροῖο
679 924 804 1007 ποδόςι
825 922 858 1017 (ἡ
876 926 992 1019 διπλῆ)
1013 924 1066 996 ὅτι
1084 928 1122 997 τὸ
1144 922 1247 1014 βάλεν
1268 923 1342 995 ἀντὶ
1358 932 1418 994 τοῦ
1437 924 1518 993 έπέ-

343 1061 445 1118 τυχεν.
481 1041 590 1109 0571
613 1031 650 1104 εί
665 1032 740 1103 τινοί
761 1060 828 1102 που
854 1028 978 1122 Τρώων
999 1032 1177 1120 ἐξάλμενος
1198 1030 1304 1122 άνάρα
1325 1034 1518 1121 βάλοισθατ

346 1142 399 1213 ὅτι
417 1144 457 1213 τὸ
469 1148 584 1231 βαλεῖν
605 1140 791 1230 προέμευάν
812 1142 902 1210 έστιν
923 1140 1122 1225 ἐντυχεῖν3η
1146 1147 1178 1229 (l.
1200 1142 1308 1228 έπιτ.).
1346 1148 1437 1212 1125
1459 1140 1518 1227 βέ-

344 1253 466 1341 βληται
486 1248 560 1320 άντί
578 1257 638 1320 τοῦ
659 1251 695 1319 ἐκ
716 1254 819 1342 βολῆς
839 1249 1007 1335 τέτρωται.
1043 1252 1135 1338 <Non
1156 1254 1357 1338 Aristonici.)
1400 1256 1438 1315 Π
1455 1258 1515 1320 481

343 1364 404 1427 τοῦ
426 1355 458 1426 δ’
476 1355 537 1442 οὐχ
559 1358 656 1428 ἅλιον
676 1358 776 1445 βέλος
795 1356 917 1448 ἔκφυγε
936 1357 1055 1445 χειρός,
1079 1354 1152 1424 ἀλλ’
1176 1355 1279 1444 ἔβαλ’,
1301 1353 1372 1426 ἕνθ’
1396 1356 1461 1444 άρα
1481 1381 1517 1423 τε

345 1464 463 1558 φρένες
488 1463 622 1555 έρχαται
650 1462 733 1556 ἄμφ’
763 1465 880 1535 ἀδινὸν
907 1472 985 1556 κῆρε
1020 1464 1073 1533 ὅτι
1100 1471 1218 1554 σοφαῖς
1244 1465 1301 1533 διὰ
1327 1471 1389 1534 τοῦ
1416 1462 1518 1551 ἔβαλε

346 1571 501 1663 σημαίνει
521 1576 559 1643 τὸ
574 1572 681 1658 έτυχεν
703 1571 749 1654 είς
771 1572 973 1644 ἐκεῖνοντὸν
995 1570 1111 1654 τόπον,
1134 1570 1222 1642 ὅπου
1240 1613 1290 1639 -.
1313 1576 1360 1643 cf.
1374 1575 1518 1642 Nicanor

347 1688 385 1747 Π
396 1690 456 1753 618
478 1687 547 1769 (ubi
568 1709 627 1771 pro
645 1679 679 1750 εί
695 1705 733 1749 σε
754 1678 898 1768 έβαλλον
920 1680 1140 1770 άιεπερόνησα
1162 1676 1204 1747 άν
1217 1685 1281 1770 leg.
1298 1676 1334 1747 εἴ
1344 1705 1381 1747 σε
1404 1682 1518 1746 διεπε-

258 1776 263 1789 ’
346 1791 490 1877 ρόνησα).
525 1793 598 1860 Ηοο
619 1795 716 1861 etiem
738 1794 857 1880 apponi
879 1797 1028 1873 meretur,
1050 1792 1138 1877 quod
1159 1792 1199 1857 de
1221 1784 1380 1876 ἑκηβόλος
1401 1791 1517 1856 dieitur

344 1901 380 1967 in
410 1901 480 1967 eod.
507 1901 535 1967 B
563 1903 604 1968 ed
634 1905 670 1965 A
701 1909 752 1969 14:
787 1895 949 1986 ἑκηβόλου
982 1902 1042 1965 τοῦ
1078 1894 1203 1963 ἕκαθεν
1234 1891 1518 1983 ἐπιτυχχάνοντος·

344 2007 497 2075 πλεῖστοι
518 2006 579 2095 γὰρ
602 2004 726 2075 ἕκαθεν
746 2002 943 2092 βάλλουσιν,
974 2000 1047 2071 ἀλλ’
1078 1999 1116 2073 οὗ
1137 1998 1331 2091 τυγχάνουσι
1356 2008 1416 2072 τοῦ
1441 2022 1517 2072 σκο-

345 2118 426 2182 ποῦ·
460 2109 548 2195 ,,οάκ
574 2111 693 2201 ἔβαλες
722 2114 781 2183 τὸν
808 2117 940 2197 ξεῖνον“
968 2119 1001 2200 (υ
1021 2119 1095 2200 305)
1123 2108 1197 2180 ἄντί
1220 2118 1280 2181 τοῦ
1307 2107 1368 2180 οὐκ
1393 2109 1517 2195 ἔτυχες·

344 2220 482 2308 βάλλειν
502 2224 565 2309 γὰρ
586 2221 706 2308 κυρίοις
725 2221 764 2290 τὸ
785 2219 1021 2308 ἐπιτυγχάνειν.

428 2332 592 2399 Innumeri
622 2337 699 2399 sunt
725 2333 803 2410 loci,
836 2333 893 2397 ubi
925 2332 977 2397 vel
1008 2332 1220 2416 praecedente
1246 2326 1376 2413 προΐει,
1414 2324 1516 2415 έφίει,

347 2434 501 2506 άκόυτισε
522 2436 622 2524 βέλος
643 2442 760 2506 etnim.
783 2440 992 2524 consequitur
1013 2436 1070 2503 καί
1089 2433 1174 2521 βάλε
1194 2438 1246 2504 vel
1266 2442 1336 2504 tote
1357 2439 1519 2504 sententie

345 2550 560 2616 certissimum
586 2549 630 2613 eit
655 2543 794 2630 βάλλειν
823 2568 893 2613 esse
914 2551 1091 2631 percutere.
1134 2546 1221 2612 Hine
1243 2547 1357 2633 reffnla
1378 2549 1518 2611 constet:

347 2661 380 2723 et
400 2658 428 2721 si
449 2656 522 2741 quie
543 2655 626 2721 forte
649 2655 787 2721 occurrit
813 2654 905 2720 locus
931 2676 989 2740 per
1014 2676 1048 2719 se
1076 2676 1142 2719 non
1167 2655 1245 2718 satin
1272 2675 1454 2738 expressus,
1480 2675 1520 2717 ex

345 2763 458 2849 regule
479 2762 607 2828 aliunde
630 2763 751 2839 effecte,
773 2783 839 2826 non
861 2783 920 2846 pro
941 2761 1074 2829 arbitrio
1090 2762 1313 2827 diiudicandus
1335 2767 1393 2827 est.
1429 2760 1468 2828 E.
1485 2782 1517 2847 g.

345 2875 376 2935 Σ
394 2877 454 2940 534
476 2870 529 2955 (ef.
553 2893 564 2933 ι
586 2873 640 2954 55)
692 2861 796 2933 αὐτίκ’
822 2861 875 2955 ἐφ’
898 2867 1014 2933 ἵππιον

427 2972 545 3062 βάντες
565 2969 779 3060 ἀερσιπόδων
797 2969 1012 3059 μετεκίαθον,
1037 2965 1127 3063 αἶψα
1149 2968 1181 3040 δ’
1204 2973 1325 3042 ἵκοντο.

428 3079 627 3171 στησάμενοι
649 3077 681 3149 δ’
706 3079 869 3166 ἐμάχοντο
891 3081 996 3169 μάχην
1016 3084 1184 3166 ποταμοῖο
1206 3077 1284 3170 παρ’
1307 3075 1425 3164 ὄχθας,

428 3187 556 3277 βάλλον
578 3184 610 3255 δ’
635 3183 804 3277 ἀλλήλους
822 3187 1023 3280 χαλκήρεσιν
1044 3185 1218 3279 έχχείῃσιν·

430 3298 465 3366 έν
488 3293 517 3364 ά
532 3291 638 3383 Ἔρις,
662 3293 698 3365 ἓν
717 3294 754 3364 δέ
774 3297 950 3381 Κυδοιμὸς
970 3293 1107 3383 ὁμίλεον
1127 3338 1178 3367 -.

346 3410 418 3475 Ηοο
446 3409 520 3474 loeo
546 3430 605 3493 per
630 3430 664 3473 se
685 3410 830 3492 spectato
851 3409 949 3474 verbo
970 3403 1111 3490 βάλλειν
1132 3406 1229 3473 etiam
1250 3406 1520 3492 significationem

283 3504 338 3576 (74)
317 3516 482 3633 2petendi
509 3515 678 3581 convenire
706 3515 779 3599 quin
804 3517 990 3602 negaverit?
956 3517 1173 3581 tAttamen
1199 3514 1301 3579 altera
1327 3514 1519 3601 significatio

298 3583 496 3709 62plurimis
523 3623 604 3688 loeis
624 3622 761 3707 probate
781 3646 822 3689 ne
843 3623 947 3689 dicam
967 3623 1083 3688 melius
1105 3625 1310 3707 (quamquam
1334 3622 1479 3687 aeriter
1469 3645 1521 3685 rn-

347 3731 451 3797 tuenti
473 3731 518 3797 eie
538 3731 642 3795 visum
664 3730 727 3812 est)
748 3734 834 3796 certe
862 3753 989 3816 aeque
986 3732 1077 3797 bene
1099 3730 1262 3796 convenit:
1289 3733 1322 3795 et
1307 3729 1404 3795 thoe
1425 3729 1520 3793 unice

346 3842 477 3924 poetam
497 3837 637 3903 voluisse
659 3837 866 3903 statuendum
888 3842 946 3904 est.
983 3837 1036 3905 Sie
1058 3839 1120 3903 nisi
1141 3840 1279 3926 egimus,
1300 3841 1337 3902 ut
1358 3837 1425 3921 egit
1410 3835 1521 3900 tAni-

347 3945 502 4025 sterehnn,
523 3949 684 4030 procerte
698 3945 854 4029 firmeque
873 3946 1140 4031 interpretatione
1162 3947 1293 4012 indocta
1314 3944 1420 4010 evadit
1439 3941 1521 4008 fluc-

413 4214 458 4255 ete
476 4211 575 4281 <Recte
591 4209 722 4275 eonieeit;
740 4227 806 4264 nam
818 4226 852 4264 ex
871 4208 896 4265 A
912 4228 987 4267 nune
999 4210 1107 4266 editum
1123 4214 1165 4265 est
1184 4199 1229 4265 ὅτι
1247 4207 1296 4266 ἐπὶ
1311 4214 1365 4265 τοῦ
1384 4210 1520 4278 τρῶσαι.)

413 4297 458 4338 ³7¹>
476 4297 533 4365 <Ite
549 4313 600 4367 per
622 4312 743 4350 errorem
766 4293 890 4365 eeripnit;
912 4298 942 4351 et
962 4295 993 4349 in
1010 4294 1106 4351 codiee
1124 4298 1153 4349 et
1169 4294 1245 4364 apud
1263 4293 1422 4349 Bekkerum
1444 4297 1519 4348 reete

345 4379 449 4451 legitur
466 4374 636 4449 ἐπιτυχεῖν.)
