3425 4934
387 319 447 382 228
569 313 616 370 III.
639 312 681 368 De
698 311 853 368 Aristarchi
869 313 987 371 seientia
1004 311 1180 384 antiquiores
1197 309 1368 369 Homericae.

321 483 368 534 2³1
896 474 1049 548 Ἠλεῖοι

386 614 508 680 incolae
522 615 626 681 Elidis
641 637 708 682 non
725 638 821 701 saepe
834 615 1044 681 nominantur
1057 617 1098 682 ah
1108 613 1260 698 Homero,
1275 616 1403 700 saepius
1414 606 1554 681 Ἐπειοί.

385 722 425 783 Λ
445 727 506 792 688
532 717 586 787 ὅτι
606 718 813 802 σπανίωςω·
835 718 990 800 Ἠλείους
1016 722 1122 789 καλεῖ.
1163 726 1202 787 Λ
1222 730 1283 792 694
1305 717 1337 808 (ἡ
1362 720 1479 808 διπλη)
1503 716 1556 786 ὅτι

386 821 421 892 έν
433 849 503 893 τισι
516 824 680 918 γράφεται
690 825 836 915 Ἀχαιοί·
856 829 935 910 τοὺς
956 826 993 895 δέ
1003 823 1157 909 Ἠλείους
1167 823 1320 907 Ἐπειοὺς
1339 828 1437 894 καλεῖ
1448 824 1554 915 (Όμη-

385 959 452 1019 ρος.
481 940 520 1001 Λ
536 944 596 1007 737
611 934 645 1028 (ἡ
663 939 781 1029 διπλῆ)
797 937 851 1007 ὅτι
864 936 951 1018 τινές
963 936 1022 1005 κοιλ
1040 932 1182 1021 Ἀχαιῶν
1195 932 1393 1027 γράφουσιν·
1408 934 1557 1026 Ὅμηρος

387 1040 424 1110 δέ
447 1038 598 1126 Ἐπειοὺς
620 1045 700 1128 τοὺς
725 1042 881 1127 Ἠλείους
902 1044 1000 1133 λέγει.
1042 1054 1102 1117 759
1134 1042 1166 1135 (ἡ
1190 1046 1308 1135 διπλῆ)
1335 1085 1374 1097 -
1401 1042 1454 1113 ὅτι
1479 1044 1557 1123 τοὺς

385 1149 535 1233 Πυλίους
553 1149 707 1237 Ἀχαιοὺς
729 1154 820 1243 λέγει
841 1161 912 1237 νῦν,
934 1153 1013 1233 τοὺς
1034 1152 1071 1222 δέ
1091 1150 1244 1234 Ἠλείους
1262 1147 1424 1234 Ἐπειοίς.
1446 1195 1485 1205 -
1506 1154 1556 1220 De

384 1262 484 1349 Epeis
505 1270 670 1349 praeterea
691 1265 801 1353 Sheph.
822 1266 861 1332 B.
882 1289 908 1334 s.
930 1257 1128 1345 Δουλίχιονε
1148 1260 1300 1350 ἐλέγοντο
1323 1260 1380 1329 καί
1402 1257 1434 1328 οἳ
1455 1255 1490 1327 ἐν
1509 1263 1557 1347 τῷ

384 1368 554 1460 Δουλιχίῳ
572 1368 711 1453 Ἐπειοί,
735 1368 780 1451 ὡς
791 1366 1038 1462 Ἐπαφρόδιτος
1055 1370 1256 1460 παρατιθεὶς
1276 1368 1334 1439 τὸν
1344 1365 1559 1459 Ἀρίσταρχον

385 1475 600 1565 ἐκδεχόμενον
621 1479 733 1562 οὕτως.

871 1752 1034 1838 Ephyra.

467 1900 595 1983 Duplex
608 1902 740 1988 Ephyra
757 1907 807 1970 eoi
828 1905 914 1989 apud
928 1903 1114 1984 Homerum,
1134 1925 1200 1969 nna
1214 1902 1433 1989 Thesprotiae,
1454 1903 1556 1969 nliera

304 2008 375 2080 (237)
389 2013 438 2075 est
460 2009 642 2076 Corinthus.
668 2013 699 2074 B
713 2017 781 2079 659.
803 2016 834 2073 Ζ
849 2018 916 2078 152.
937 2014 973 2074 N
984 2016 1053 2081 301.
1078 2011 1107 2075 0
1128 2016 1197 2079 531.
1231 2010 1323 2076 Hane
1343 2012 1555 2097 posheriorem

386 2117 442 2182 ubi
455 2121 553 2203 poeta
566 2118 635 2201 ipse
649 2119 794 2205 loquitur
808 2120 1000 2187 Corinthum
1019 2119 1103 2199 dicit,
1117 2118 1231 2185 heroes
1246 2119 1419 2204 Ephyram.
1442 2121 1472 2182 Β
1483 2126 1554 2187 570.

385 2227 417 2286 Ζ
438 2232 505 2293 152.
528 2232 597 2295 210.
632 2231 668 2290 Ν
685 2231 756 2296 301.
798 2226 961 2293 Velleium
982 2227 1223 2293 Aristarcheum
1253 2250 1349 2293 nemo
1375 2226 1555 2312 suspicatus

386 2334 436 2396 eet
458 2332 530 2417 (cfr.
546 2333 660 2400 Rohde
682 2332 764 2401 Mus.
785 2334 890 2401 Rhen.
911 2333 1045 2401 XXXVI
1065 2358 1096 2420 p.
1112 2335 1199 2421 551>.
1242 2332 1374 2421 „Neque
1397 2338 1446 2400 est
1467 2334 1557 2419 quod

385 2440 538 2506 miremur
548 2442 588 2506 ab
602 2441 746 2508 Homero
756 2443 916 2507 nominari
928 2441 1131 2520 Corinthum
1145 2466 1220 2510 nam
1234 2466 1274 2510 ex
1287 2465 1426 2529 persona
1439 2446 1556 2528 poetae

386 2551 419 2613 eh
443 2548 528 2614 hano
554 2550 666 2615 urbem
694 2555 727 2615 et
748 2551 902 2636 quasdam
924 2549 1039 2616 Ionum
1067 2551 1209 2617 colonias
1230 2552 1270 2616 iis
1291 2551 1476 2617 nominibus
1498 2572 1558 2636 ap·

385 2656 495 2740 pellat,
517 2659 634 2742 quihus
649 2657 846 2724 vocabantur
865 2662 970 2725 aetate
992 2659 1069 2740 eius,
1090 2659 1194 2725 multo
1215 2664 1290 2746 posi
1310 2658 1406 2725 Ilium
1426 2662 1557 2744 captum

385 2764 559 2831 conditae&
581 2765 597 2831 I
618 2771 647 2834 3.

854 2888 1085 2899 -υι-ι-ι-

843 3035 957 3120 Hyde.
987 3035 1095 3121 Hyle.

802 3411 907 3505 Νήσῳ
929 3414 965 3484 έν
986 3423 1145 3510 κραναῇ.

467 3568 497 3629 Γ
508 3574 569 3633 445
591 3559 623 3652 (ἡ
645 3565 765 3651 διπλῆ)
787 3562 849 3632 ὅτι
871 3560 1019 3657 ὂίδηλον
1040 3562 1182 3658 πότερον
1204 3563 1311 3654 ἷίνομα
1332 3563 1446 3652 κύριόν
1467 3565 1559 3634 ἐστιν

385 3667 456 3739 ἀπὸ
481 3676 541 3739 τοῦ
562 3676 751 3761 κρανθῆναι
777 3668 829 3739 ἐπ’
861 3669 961 3763 αὐτῆς
981 3681 1115 3760 πρῶτον
1140 3676 1198 3745 τὸν
1218 3671 1327 3764 γάμον
1347 3675 1405 3742 καί
1424 3675 1558 3742 τελειω-

384 3784 493 3868 θῆναι
512 3785 572 3848 τοῦ
585 3774 803 3865 Ἀλεξάνδρου
825 3780 883 3847 καί
902 3779 1114 3874 τῆςἛλένης,
1135 3779 1377 3875 ἢέπιθετικῶς
1396 3782 1458 3872 τὴν
1476 3808 1559 3871 τρα-

381 3892 488 3970 χεῖαν·
517 3886 603 3969 τινές
629 3889 690 3977 γὰρ
717 3888 778 3979 τὴν
804 3887 984 3981 λεγομένην
998 3887 1132 3983 Ἑλένην
1153 3891 1239 3979 πρὸς
1258 3898 1299 3985 τῇ
1316 3888 1450 3983 Ἀττικῇ
1470 3883 1560 3960 εἶναι

384 3989 454 4064 ἀπὸ
474 4000 535 4086 τῆς
552 3993 692 4087 Ἑλένης,
717 3995 771 4066 ὅτι
790 3993 891 4088 ταύτῃ
911 3996 1026 4092 πρώτῃ
1048 3999 1162 4094 ἐπέβη.

851 4154 1084 4170 *αι-ῃ...-

451 4302 645 4372 1⁴2·<‚.1mm0
663 4299 759 4356 semel:
777 4318 804 4355 v.
816 4306 864 4358 671
886 4291 926 4368 οἷς
944 4290 1028 4358 ὁπότ’
1045 4293 1180 4361 Ἠλείοισι
1192 4336 1234 4360 -.
1257 4303 1338 4361 Unde
1355 4300 1558 4376 pnho'soriben·

383 4383 451 4438 dum
468 4402 537 4441 esee:
560 4381 607 4442 ὅτι
623 4377 749 4451 Ἐπειοὺς
766 4384 836 4452 τοὺς
851 4378 982 4452 Ἠλείους
999 4390 1090 4445 καλεῖ.
1117 4388 1159 4445 Cf.
1177 4389 1214 4445 ad
1231 4395 1307 4448 694“.
1335 4390 1558 4462 Ριίεᾶλεειιᾱετ.)
