<?xml version="1.0" encoding="UTF-8"?>
<!DOCTYPE html PUBLIC "-//W3C//DTD XHTML 1.0 Transitional//EN"
    "http://www.w3.org/TR/xhtml1/DTD/xhtml1-transitional.dtd">
<html xmlns="http://www.w3.org/1999/xhtml" xml:lang="en" lang="en">
 <head>
  <title>
</title>
<meta http-equiv="Content-Type" content="text/html;charset=utf-8" />
  <meta name='ocr-system' content='tesseract 3.04.00' />
  <meta name='ocr-capabilities' content='ocr_page ocr_carea ocr_par ocr_line ocrx_word'/>
</head>
<body>
  <div class='ocr_page' id='page_1' title='image "./dearistarchistu00ludwgoog/dearistarchistu00ludwgoog_0327.png"; bbox 0 0 3425 4934; ppageno 0'>
   <div class='ocr_carea' id='block_1_1' title="bbox 597 354 1356 430">
    <p class='ocr_par' dir='ltr' id='par_1_1' title="bbox 597 354 1356 430">
     <span class='ocr_line' id='line_1_1' title="bbox 597 354 1356 430; baseline 0.004 -19"><span class='ocrx_word' id='word_1_1' title='bbox 597 360 621 411; x_wconf 82' lang='lat'>2.</span> <span class='ocrx_word' id='word_1_2' title='bbox 644 354 685 412; x_wconf 89' lang='lat' dir='ltr'>De</span> <span class='ocrx_word' id='word_1_3' title='bbox 703 357 955 430; x_wconf 85' lang='lat' dir='ltr'>interuspiraticne.</span> <span class='ocrx_word' id='word_1_4' title='bbox 1296 364 1356 426; x_wconf 80' lang='lat'>305</span> 
     </span>
    </p>
   </div>
   <div class='ocr_carea' id='block_1_2' title="bbox 185 510 1357 719">
    <p class='ocr_par' dir='ltr' id='par_1_2' title="bbox 185 510 1357 719">
     <span class='ocr_line' id='line_1_2' title="bbox 185 510 1356 611; baseline -0.002 -20"><span class='ocrx_word' id='word_1_5' title='bbox 185 510 397 604; x_wconf 72' lang='grc' dir='ltr'><strong><em>Ἀριστάρχῳ.</em></strong></span> <span class='ocrx_word' id='word_1_6' title='bbox 450 520 586 607; x_wconf 81' lang='lat' dir='ltr'>Recepit</span> <span class='ocrx_word' id='word_1_7' title='bbox 615 523 695 591; x_wconf 83' lang='lat' dir='ltr'>haec</span> <span class='ocrx_word' id='word_1_8' title='bbox 719 525 812 593; x_wconf 81' lang='lat' dir='ltr'>Eust.</span> <span class='ocrx_word' id='word_1_9' title='bbox 842 529 872 590; x_wconf 88' lang='lat' dir='ltr'><em>E</em></span> <span class='ocrx_word' id='word_1_10' title='bbox 895 534 935 594; x_wconf 95' lang='grc'>77</span> <span class='ocrx_word' id='word_1_11' title='bbox 964 549 996 611; x_wconf 90' lang='lat' dir='ltr'>p.</span> <span class='ocrx_word' id='word_1_12' title='bbox 1023 529 1093 593; x_wconf 76' lang='lat'><strong>524.</strong></span> <span class='ocrx_word' id='word_1_13' title='bbox 1121 564 1160 574; x_wconf 93' lang='lat'>-</span> <span class='ocrx_word' id='word_1_14' title='bbox 1186 523 1258 588; x_wconf 91' lang='lat' dir='ltr'>Hoc</span> <span class='ocrx_word' id='word_1_15' title='bbox 1284 522 1356 589; x_wconf 91' lang='lat' dir='ltr'>loco</span> 
     </span>
     <span class='ocr_line' id='line_1_3' title="bbox 188 626 1357 719; baseline 0.004 -28"><span class='ocrx_word' id='word_1_16' title='bbox 188 626 341 693; x_wconf 86' lang='lat' dir='ltr'>miramur</span> <span class='ocrx_word' id='word_1_17' title='bbox 353 628 576 696; x_wconf 83' lang='lat' dir='ltr'>Aristarchum</span> <span class='ocrx_word' id='word_1_18' title='bbox 590 653 695 718; x_wconf 90' lang='lat' dir='ltr'>neque</span> <span class='ocrx_word' id='word_1_19' title='bbox 710 634 823 701; x_wconf 90' lang='lat' dir='ltr'>dubito</span> <span class='ocrx_word' id='word_1_20' title='bbox 844 635 923 719; x_wconf 93' lang='lat' dir='ltr'>quin</span> <span class='ocrx_word' id='word_1_21' title='bbox 943 632 1089 719; x_wconf 76' lang='lat' dir='ltr'>plerique</span> <span class='ocrx_word' id='word_1_22' title='bbox 1103 653 1168 696; x_wconf 89' lang='lat' dir='ltr'>una</span> <span class='ocrx_word' id='word_1_23' title='bbox 1189 631 1357 697; x_wconf 85' lang='lat' dir='ltr'>nobiscum</span> 
     </span>
    </p>
   </div>
   <div class='ocr_carea' id='block_1_3' title="bbox 187 733 1356 823">
    <p class='ocr_par' dir='ltr' id='par_1_3' title="bbox 187 733 1356 823">
     <span class='ocr_line' id='line_1_4' title="bbox 187 733 1356 823; baseline 0.003 -23"><span class='ocrx_word' id='word_1_24' title='bbox 187 733 332 801; x_wconf 75' lang='lat' dir='ltr'>miraturi</span> <span class='ocrx_word' id='word_1_25' title='bbox 357 735 431 802; x_wconf 87' lang='lat' dir='ltr'>sint</span> <span class='ocrx_word' id='word_1_26' title='bbox 471 736 586 823; x_wconf 80' lang='lat' dir='ltr'>Itaque</span> <span class='ocrx_word' id='word_1_27' title='bbox 616 740 799 807; x_wconf 77' lang='lat' dir='ltr'>dubitamus</span> <span class='ocrx_word' id='word_1_28' title='bbox 819 740 995 807; x_wconf 82' lang='lat' dir='ltr'>Eustathio</span> <span class='ocrx_word' id='word_1_29' title='bbox 1023 760 1116 806; x_wconf 89' lang='lat' dir='ltr'>aures</span> <span class='ocrx_word' id='word_1_30' title='bbox 1141 739 1295 823; x_wconf 88' lang='lat' dir='ltr'>praebere</span> <span class='ocrx_word' id='word_1_31' title='bbox 1317 739 1356 803; x_wconf 92' lang='lat' dir='ltr'>de</span> 
     </span>
    </p>
   </div>
   <div class='ocr_carea' id='block_1_4' title="bbox 186 842 1359 1151">
    <p class='ocr_par' dir='ltr' id='par_1_4' title="bbox 186 842 1359 1151">
     <span class='ocr_line' id='line_1_5' title="bbox 186 842 1358 934; baseline 0.006 -28"><span class='ocrx_word' id='word_1_32' title='bbox 186 842 364 908; x_wconf 74' lang='lat' dir='ltr'>Aristarchi</span> <span class='ocrx_word' id='word_1_33' title='bbox 384 844 564 912; x_wconf 90' lang='lat' dir='ltr'>rationibus</span> <span class='ocrx_word' id='word_1_34' title='bbox 586 847 679 914; x_wconf 86' lang='lat' dir='ltr'>aliter</span> <span class='ocrx_word' id='word_1_35' title='bbox 699 848 839 914; x_wconf 73' lang='lat' dir='ltr'>tradenti</span> <span class='ocrx_word' id='word_1_36' title='bbox 861 869 897 914; x_wconf 91' lang='lat' dir='ltr'>ac</span> <span class='ocrx_word' id='word_1_37' title='bbox 918 847 1138 934; x_wconf 72' lang='lat' dir='ltr'>probabilius?</span> <span class='ocrx_word' id='word_1_38' title='bbox 1169 868 1201 930; x_wconf 87' lang='lat' dir='ltr'>p.</span> <span class='ocrx_word' id='word_1_39' title='bbox 1223 848 1294 923; x_wconf 87' lang='grc'>548,</span> <span class='ocrx_word' id='word_1_40' title='bbox 1317 849 1358 913; x_wconf 83' lang='grc'>30</span> 
     </span>
     <span class='ocr_line' id='line_1_6' title="bbox 187 939 1359 1041; baseline 0.003 -28"><span class='ocrx_word' id='word_1_41' title='bbox 187 941 276 1014; x_wconf 70' lang='grc' dir='ltr'><strong><em>ἔστιν</em></strong></span> <span class='ocrx_word' id='word_1_42' title='bbox 290 939 349 1016; x_wconf 74' lang='grc' dir='ltr'>οὖν</span> <span class='ocrx_word' id='word_1_43' title='bbox 364 947 402 1016; x_wconf 84' lang='grc' dir='ltr'><strong><em>έκ</em></strong></span> <span class='ocrx_word' id='word_1_44' title='bbox 419 955 478 1019; x_wconf 83' lang='grc' dir='ltr'><strong><em>τοῦ</em></strong></span> <span class='ocrx_word' id='word_1_45' title='bbox 499 946 604 1032; x_wconf 85' lang='grc' dir='ltr'><strong><em>τοίλας</em></strong></span> <span class='ocrx_word' id='word_1_46' title='bbox 624 952 681 1021; x_wconf 82' lang='grc' dir='ltr'><strong><em>καὶ</em></strong></span> <span class='ocrx_word' id='word_1_47' title='bbox 700 958 759 1021; x_wconf 82' lang='grc' dir='ltr'><strong><em>τοῦ</em></strong></span> <span class='ocrx_word' id='word_1_48' title='bbox 780 951 872 1041; x_wconf 83' lang='grc' dir='ltr'><strong><em>ῥινός</em></strong></span> <span class='ocrx_word' id='word_1_49' title='bbox 891 947 1070 1041; x_wconf 84' lang='grc' dir='ltr'><strong><em>ταλύριυος</em></strong></span> <span class='ocrx_word' id='word_1_50' title='bbox 1084 949 1141 1019; x_wconf 86' lang='grc' dir='ltr'><strong><em>καί</em></strong></span> <span class='ocrx_word' id='word_1_51' title='bbox 1157 950 1359 1037; x_wconf 76' lang='grc' dir='ltr'><strong><em>πλεονασμῷ</em></strong></span> 
     </span>
     <span class='ocr_line' id='line_1_7' title="bbox 186 1048 1359 1151; baseline 0.001 -29"><span class='ocrx_word' id='word_1_52' title='bbox 186 1048 346 1145; x_wconf 77' lang='grc' dir='ltr'><strong><em>Αίολικῷ</em></strong></span> <span class='ocrx_word' id='word_1_53' title='bbox 358 1060 416 1125; x_wconf 83' lang='grc' dir='ltr'><strong><em>τοῦ</em></strong></span> <span class='ocrx_word' id='word_1_54' title='bbox 433 1083 454 1125; x_wconf 91' lang='grc' dir='ltr'><strong><em>υ</em></strong></span> <span class='ocrx_word' id='word_1_55' title='bbox 474 1057 682 1150; x_wconf 75' lang='grc' dir='ltr'><strong><em>ταλαύρινος,</em></strong></span> <span class='ocrx_word' id='word_1_56' title='bbox 706 1057 752 1141; x_wconf 83' lang='grc' dir='ltr'><strong><em>ὡς</em></strong></span> <span class='ocrx_word' id='word_1_57' title='bbox 773 1055 916 1151; x_wconf 76' lang='grc' dir='ltr'><strong><em>ύρηκτος</em></strong></span> <span class='ocrx_word' id='word_1_58' title='bbox 936 1055 1103 1150; x_wconf 81' lang='grc' dir='ltr'><strong><em>αἰίρηκτος.</em></strong></span> <span class='ocrx_word' id='word_1_59' title='bbox 1139 1057 1195 1126; x_wconf 77' lang='grc' dir='ltr'>διὸ</span> <span class='ocrx_word' id='word_1_60' title='bbox 1216 1056 1359 1125; x_wconf 80' lang='grc' dir='ltr'><strong><em>καὶτῶν</em></strong></span> 
     </span>
    </p>
   </div>
   <div class='ocr_carea' id='block_1_5' title="bbox 131 1159 1441 4393">
    <p class='ocr_par' dir='ltr' id='par_1_5' title="bbox 131 1159 1441 4393">
     <span class='ocr_line' id='line_1_8' title="bbox 186 1159 1359 1262; baseline 0.003 -33"><span class='ocrx_word' id='word_1_61' title='bbox 186 1162 343 1235; x_wconf 73' lang='grc' dir='ltr'><strong><em>παλαιῶν</em></strong></span> <span class='ocrx_word' id='word_1_62' title='bbox 369 1161 403 1234; x_wconf 75' lang='grc' dir='ltr'>οἳ</span> <span class='ocrx_word' id='word_1_63' title='bbox 428 1165 490 1252; x_wconf 78' lang='grc' dir='ltr'>μὲν</span> <span class='ocrx_word' id='word_1_64' title='bbox 510 1162 686 1249; x_wconf 82' lang='grc' dir='ltr'><strong><em>Αἶολικώς</em></strong></span> <span class='ocrx_word' id='word_1_65' title='bbox 710 1165 852 1262; x_wconf 75' lang='grc' dir='ltr'><strong><em>έηύίλουν</em></strong></span> <span class='ocrx_word' id='word_1_66' title='bbox 876 1168 915 1236; x_wconf 86' lang='grc' dir='ltr'><strong><em>τὸ</em></strong></span> <span class='ocrx_word' id='word_1_67' title='bbox 943 1194 962 1256; x_wconf 92' lang='grc' dir='ltr'><strong><em>ρ</em></strong></span> <span class='ocrx_word' id='word_1_68' title='bbox 987 1172 1048 1237; x_wconf 82' lang='grc' dir='ltr'><strong><em>τοῦ</em></strong></span> <span class='ocrx_word' id='word_1_69' title='bbox 1066 1161 1282 1254; x_wconf 74' lang='grc' dir='ltr'><strong><em>ταλαύρινος,</em></strong></span> <span class='ocrx_word' id='word_1_70' title='bbox 1312 1159 1359 1244; x_wconf 82' lang='grc' dir='ltr'><strong><em>ὠς</em></strong></span> 
     </span>
     <span class='ocr_line' id='line_1_9' title="bbox 186 1265 1358 1363; baseline 0.002 -26"><span class='ocrx_word' id='word_1_71' title='bbox 186 1265 478 1362; x_wconf 77' lang='grc' dir='ltr'><strong><em>καὶἈρίοταρχος·</em></strong></span> <span class='ocrx_word' id='word_1_72' title='bbox 500 1271 534 1343; x_wconf 77' lang='grc' dir='ltr'>οἱ</span> <span class='ocrx_word' id='word_1_73' title='bbox 551 1274 589 1343; x_wconf 79' lang='grc' dir='ltr'>δὲ</span> <span class='ocrx_word' id='word_1_74' title='bbox 601 1273 773 1359; x_wconf 82' lang='grc' dir='ltr'><strong><em>έύείουνον,</em></strong></span> <span class='ocrx_word' id='word_1_75' title='bbox 792 1270 838 1356; x_wconf 88' lang='grc' dir='ltr'><strong><em>ὠς</em></strong></span> <span class='ocrx_word' id='word_1_76' title='bbox 852 1272 971 1356; x_wconf 76' lang='grc' dir='ltr'><strong><em>ἁπλαῖς</em></strong></span> <span class='ocrx_word' id='word_1_77' title='bbox 984 1270 1053 1343; x_wconf 78' lang='grc' dir='ltr'>ἀπὸ</span> <span class='ocrx_word' id='word_1_78' title='bbox 1075 1279 1135 1343; x_wconf 86' lang='grc' dir='ltr'><strong><em>τοῦ</em></strong></span> <span class='ocrx_word' id='word_1_79' title='bbox 1155 1270 1246 1363; x_wconf 83' lang='grc' dir='ltr'><strong><em>ῥινός</em></strong></span> <span class='ocrx_word' id='word_1_80' title='bbox 1265 1268 1358 1358; x_wconf 75' lang='grc' dir='ltr'><strong><em>γευό-</em></strong></span> 
     </span>
     <span class='ocr_line' id='line_1_10' title="bbox 185 1381 1358 1475; baseline -0.014 -11"><span class='ocrx_word' id='word_1_81' title='bbox 185 1402 299 1464; x_wconf 69' lang='lat' dir='ltr'>t‘Ws</span> <span class='ocrx_word' id='word_1_82' title='bbox 326 1381 422 1448; x_wconf 70' lang='grc' dir='ltr'><strong><em>καθὰ</em></strong></span> <span class='ocrx_word' id='word_1_83' title='bbox 447 1381 647 1473; x_wconf 78' lang='grc' dir='ltr'><strong><em>προεῤῥίθη.</em></strong></span> <span class='ocrx_word' id='word_1_84' title='bbox 690 1387 737 1453; x_wconf 85' lang='lat' dir='ltr'>At</span> <span class='ocrx_word' id='word_1_85' title='bbox 762 1409 824 1475; x_wconf 81' lang='lat' dir='ltr'>ego</span> <span class='ocrx_word' id='word_1_86' title='bbox 844 1391 958 1454; x_wconf 81' lang='lat' dir='ltr'>auctor</span> <span class='ocrx_word' id='word_1_87' title='bbox 979 1387 1055 1469; x_wconf 84' lang='lat' dir='ltr'>sim,</span> <span class='ocrx_word' id='word_1_88' title='bbox 1081 1408 1123 1453; x_wconf 87' lang='lat' dir='ltr'>ne</span> <span class='ocrx_word' id='word_1_89' title='bbox 1145 1384 1224 1470; x_wconf 89' lang='lat' dir='ltr'>quid</span> <span class='ocrx_word' id='word_1_90' title='bbox 1245 1387 1358 1450; x_wconf 89' lang='lat' dir='ltr'>contra</span> 
     </span>
     <span class='ocr_line' id='line_1_11' title="bbox 185 1488 1358 1593; baseline 0.003 -38"><span class='ocrx_word' id='word_1_91' title='bbox 185 1488 407 1559; x_wconf 84' lang='lat' dir='ltr'>Herodianum</span> <span class='ocrx_word' id='word_1_92' title='bbox 428 1494 593 1561; x_wconf 78' lang='lat' dir='ltr'>credamus</span> <span class='ocrx_word' id='word_1_93' title='bbox 614 1494 796 1562; x_wconf 81' lang='lat' dir='ltr'>Eustathio.</span> <span class='ocrx_word' id='word_1_94' title='bbox 837 1495 902 1561; x_wconf 86' lang='lat' dir='ltr'>Res</span> <span class='ocrx_word' id='word_1_95' title='bbox 923 1495 1003 1593; x_wconf 76' lang='lat' dir='ltr'>haec</span> <span class='ocrx_word' id='word_1_96' title='bbox 1025 1499 1087 1561; x_wconf 89' lang='lat' dir='ltr'>est:</span> <span class='ocrx_word' id='word_1_97' title='bbox 1113 1497 1151 1559; x_wconf 84' lang='lat' dir='ltr'>ut</span> <span class='ocrx_word' id='word_1_98' title='bbox 1172 1491 1228 1557; x_wconf 87' lang='lat' dir='ltr'>alii</span> <span class='ocrx_word' id='word_1_99' title='bbox 1250 1512 1358 1578; x_wconf 72' lang='lat' dir='ltr'>gram·</span> 
     </span>
     <span class='ocr_line' id='line_1_12' title="bbox 186 1599 1441 1689; baseline -0.001 -24"><span class='ocrx_word' id='word_1_100' title='bbox 186 1601 295 1667; x_wconf 90' lang='lat' dir='ltr'>matici</span> <span class='ocrx_word' id='word_1_101' title='bbox 312 1600 357 1667; x_wconf 89' lang='lat' dir='ltr'>sic</span> <span class='ocrx_word' id='word_1_102' title='bbox 371 1601 576 1669; x_wconf 78' lang='lat' dir='ltr'>Aristarchus</span> <span class='ocrx_word' id='word_1_103' title='bbox 596 1607 691 1689; x_wconf 88' lang='lat' dir='ltr'>putat</span> <span class='ocrx_word' id='word_1_104' title='bbox 703 1604 738 1670; x_wconf 95' lang='lat' dir='ltr'>in</span> <span class='ocrx_word' id='word_1_105' title='bbox 759 1603 947 1689; x_wconf 91' lang='lat' dir='ltr'>compositis</span> <span class='ocrx_word' id='word_1_106' title='bbox 968 1623 1202 1686; x_wconf 88' lang='lat' dir='ltr'>nonnunquam</span> <span class='ocrx_word' id='word_1_107' title='bbox 1222 1599 1357 1666; x_wconf 77' lang='lat' dir='ltr'>alteram</span> <span class='ocrx_word' id='word_1_108' title='bbox 1369 1616 1441 1688; x_wconf 66' lang='grc' dir='ltr'><strong><em>(τοο)</em></strong></span> 
     </span>
     <span class='ocr_line' id='line_1_13' title="bbox 187 1707 1358 1796; baseline 0.001 -25"><span class='ocrx_word' id='word_1_109' title='bbox 187 1707 432 1794; x_wconf 78' lang='lat' dir='ltr'>significationis</span> <span class='ocrx_word' id='word_1_110' title='bbox 458 1714 583 1796; x_wconf 89' lang='lat' dir='ltr'>partem</span> <span class='ocrx_word' id='word_1_111' title='bbox 609 1712 805 1779; x_wconf 88' lang='lat' dir='ltr'>delitescere:</span> <span class='ocrx_word' id='word_1_112' title='bbox 834 1715 868 1778; x_wconf 90' lang='lat' dir='ltr'>et</span> <span class='ocrx_word' id='word_1_113' title='bbox 895 1710 1026 1796; x_wconf 87' lang='lat' dir='ltr'>quidem</span> <span class='ocrx_word' id='word_1_114' title='bbox 1052 1710 1099 1775; x_wconf 91' lang='lat' dir='ltr'>ita</span> <span class='ocrx_word' id='word_1_115' title='bbox 1124 1731 1219 1794; x_wconf 85' lang='lat' dir='ltr'>saepe</span> <span class='ocrx_word' id='word_1_116' title='bbox 1240 1712 1278 1774; x_wconf 88' lang='lat' dir='ltr'>ut</span> <span class='ocrx_word' id='word_1_117' title='bbox 1299 1729 1358 1774; x_wconf 88' lang='lat' dir='ltr'>nos</span> 
     </span>
     <span class='ocr_line' id='line_1_14' title="bbox 188 1816 1358 1905; baseline 0 -25"><span class='ocrx_word' id='word_1_118' title='bbox 188 1836 248 1881; x_wconf 87' lang='lat' dir='ltr'>nec</span> <span class='ocrx_word' id='word_1_119' title='bbox 274 1816 493 1905; x_wconf 79' lang='lat' dir='ltr'>intelligamus</span> <span class='ocrx_word' id='word_1_120' title='bbox 519 1841 577 1886; x_wconf 91' lang='lat' dir='ltr'>cur</span> <span class='ocrx_word' id='word_1_121' title='bbox 595 1820 643 1886; x_wconf 87' lang='lat' dir='ltr'>ita</span> <span class='ocrx_word' id='word_1_122' title='bbox 663 1819 742 1886; x_wconf 87' lang='lat' dir='ltr'>velit</span> <span class='ocrx_word' id='word_1_123' title='bbox 762 1841 822 1885; x_wconf 90' lang='lat' dir='ltr'>nec</span> <span class='ocrx_word' id='word_1_124' title='bbox 843 1817 922 1904; x_wconf 88' lang='lat' dir='ltr'>quid</span> <span class='ocrx_word' id='word_1_125' title='bbox 943 1820 1167 1903; x_wconf 82' lang='lat' dir='ltr'>consequatur.</span> <span class='ocrx_word' id='word_1_126' title='bbox 1204 1816 1358 1881; x_wconf 79' lang='lat' dir='ltr'>Attenen</span> 
     </span>
     <span class='ocr_line' id='line_1_15' title="bbox 188 1922 1359 2008; baseline -0.002 -18"><span class='ocrx_word' id='word_1_127' title='bbox 188 1922 308 1991; x_wconf 80' lang='lat' dir='ltr'>fectum</span> <span class='ocrx_word' id='word_1_128' title='bbox 328 1929 390 1992; x_wconf 86' lang='lat' dir='ltr'>est:</span> <span class='ocrx_word' id='word_1_129' title='bbox 423 1930 457 1993; x_wconf 91' lang='lat' dir='ltr'>et</span> <span class='ocrx_word' id='word_1_130' title='bbox 482 1949 574 1994; x_wconf 90' lang='lat' dir='ltr'>suam</span> <span class='ocrx_word' id='word_1_131' title='bbox 598 1929 633 1994; x_wconf 92' lang='lat' dir='ltr'>in</span> <span class='ocrx_word' id='word_1_132' title='bbox 653 1929 715 1994; x_wconf 86' lang='lat' dir='ltr'>hcc</span> <span class='ocrx_word' id='word_1_133' title='bbox 734 1949 770 1994; x_wconf 92' lang='lat' dir='ltr'>re</span> <span class='ocrx_word' id='word_1_134' title='bbox 791 1927 986 1994; x_wconf 87' lang='lat' dir='ltr'>sententiam</span> <span class='ocrx_word' id='word_1_135' title='bbox 1009 1929 1047 1991; x_wconf 89' lang='lat' dir='ltr'>ut</span> <span class='ocrx_word' id='word_1_136' title='bbox 1066 1924 1223 1991; x_wconf 82' lang='lat' dir='ltr'>indicaret</span> <span class='ocrx_word' id='word_1_137' title='bbox 1243 1923 1359 2008; x_wconf 90' lang='lat' dir='ltr'>spiritu</span> 
     </span>
     <span class='ocr_line' id='line_1_16' title="bbox 131 2030 1359 2123; baseline -0.002 -25"><span class='ocrx_word' id='word_1_138' title='bbox 131 2102 138 2117; x_wconf 56' lang='lat'>‚</span> <span class='ocrx_word' id='word_1_139' title='bbox 189 2053 265 2099; x_wconf 87' lang='lat' dir='ltr'>usus</span> <span class='ocrx_word' id='word_1_140' title='bbox 280 2037 342 2099; x_wconf 90' lang='lat' dir='ltr'>est:</span> <span class='ocrx_word' id='word_1_141' title='bbox 355 2034 412 2100; x_wconf 91' lang='lat' dir='ltr'>ubi</span> <span class='ocrx_word' id='word_1_142' title='bbox 427 2034 614 2103; x_wconf 74' lang='lat' dir='ltr'>delitescere</span> <span class='ocrx_word' id='word_1_143' title='bbox 628 2035 899 2123; x_wconf 80' lang='lat' dir='ltr'>significationem</span> <span class='ocrx_word' id='word_1_144' title='bbox 910 2034 1052 2101; x_wconf 88' lang='lat' dir='ltr'>indicare</span> <span class='ocrx_word' id='word_1_145' title='bbox 1066 2031 1205 2110; x_wconf 82' lang='lat' dir='ltr'>volebat,</span> <span class='ocrx_word' id='word_1_146' title='bbox 1220 2030 1359 2097; x_wconf 83' lang='lat' dir='ltr'>mediam</span> 
     </span>
     <span class='ocr_line' id='line_1_17' title="bbox 188 2140 1360 2229; baseline -0.003 -23"><span class='ocrx_word' id='word_1_147' title='bbox 188 2140 416 2225; x_wconf 88' lang='lat' dir='ltr'>aspirationem</span> <span class='ocrx_word' id='word_1_148' title='bbox 435 2165 503 2209; x_wconf 92' lang='lat' dir='ltr'>uon</span> <span class='ocrx_word' id='word_1_149' title='bbox 527 2144 646 2229; x_wconf 84' lang='lat' dir='ltr'>posuit</span> <span class='ocrx_word' id='word_1_150' title='bbox 688 2142 772 2210; x_wconf 89' lang='lat' dir='ltr'>Vide</span> <span class='ocrx_word' id='word_1_151' title='bbox 798 2142 975 2209; x_wconf 79' lang='lat' dir='ltr'>Aristonici</span> <span class='ocrx_word' id='word_1_152' title='bbox 1000 2145 1095 2207; x_wconf 91' lang='lat' dir='ltr'>notas</span> <span class='ocrx_word' id='word_1_153' title='bbox 1118 2140 1159 2206; x_wconf 84' lang='lat' dir='ltr'>ad</span> <span class='ocrx_word' id='word_1_154' title='bbox 1186 2141 1225 2202; x_wconf 85' lang='lat' dir='ltr'><em>H</em></span> <span class='ocrx_word' id='word_1_155' title='bbox 1243 2142 1305 2206; x_wconf 84' lang='grc'>768</span> <span class='ocrx_word' id='word_1_156' title='bbox 1326 2141 1360 2203; x_wconf 89' lang='lat' dir='ltr'>et</span> 
     </span>
     <span class='ocr_line' id='line_1_18' title="bbox 188 2240 1361 2339; baseline -0.004 -22"><span class='ocrx_word' id='word_1_157' title='bbox 188 2250 224 2310; x_wconf 88' lang='grc' dir='ltr'><em>Χ</em></span> <span class='ocrx_word' id='word_1_158' title='bbox 243 2252 319 2317; x_wconf 79' lang='lat'>319:</span> <span class='ocrx_word' id='word_1_159' title='bbox 348 2250 384 2315; x_wconf 94' lang='lat' dir='ltr'>in</span> <span class='ocrx_word' id='word_1_160' title='bbox 410 2243 509 2339; x_wconf 79' lang='grc' dir='ltr'><strong><em>αἰχμὴ</em></strong></span> <span class='ocrx_word' id='word_1_161' title='bbox 539 2244 675 2339; x_wconf 78' lang='grc' dir='ltr'><strong><em>εύήκης,</em></strong></span> <span class='ocrx_word' id='word_1_162' title='bbox 702 2242 766 2338; x_wconf 78' lang='grc' dir='ltr'>ύορ</span> <span class='ocrx_word' id='word_1_163' title='bbox 791 2244 950 2337; x_wconf 75' lang='grc' dir='ltr'><strong><em>τανύηκες</em></strong></span> <span class='ocrx_word' id='word_1_164' title='bbox 974 2248 1056 2316; x_wconf 89' lang='lat' dir='ltr'>illud</span> <span class='ocrx_word' id='word_1_165' title='bbox 1081 2240 1149 2334; x_wconf 75' lang='grc' dir='ltr'><strong><em>ὠκύ</em></strong></span> <span class='ocrx_word' id='word_1_166' title='bbox 1170 2246 1361 2334; x_wconf 77' lang='lat' dir='ltr'>significare,</span> 
     </span>
     <span class='ocr_line' id='line_1_19' title="bbox 188 2344 1361 2448; baseline 0 -29"><span class='ocrx_word' id='word_1_167' title='bbox 188 2353 222 2420; x_wconf 91' lang='lat' dir='ltr'>in</span> <span class='ocrx_word' id='word_1_168' title='bbox 242 2348 427 2443; x_wconf 76' lang='grc' dir='ltr'><strong><em>τανυήκεας</em></strong></span> <span class='ocrx_word' id='word_1_169' title='bbox 446 2349 543 2438; x_wconf 70' lang='grc' dir='ltr'><strong><em>ὄζους</em></strong></span> <span class='ocrx_word' id='word_1_170' title='bbox 563 2381 629 2427; x_wconf 91' lang='lat' dir='ltr'>non</span> <span class='ocrx_word' id='word_1_171' title='bbox 651 2359 841 2448; x_wconf 78' lang='lat' dir='ltr'>significare,</span> <span class='ocrx_word' id='word_1_172' title='bbox 861 2358 953 2425; x_wconf 91' lang='lat' dir='ltr'>utin</span> <span class='ocrx_word' id='word_1_173' title='bbox 974 2351 1169 2443; x_wconf 73' lang='grc' dir='ltr'><strong><em>κελαινεφὲς</em></strong></span> <span class='ocrx_word' id='word_1_174' title='bbox 1190 2344 1283 2437; x_wconf 77' lang='grc' dir='ltr'><strong><em>αἷμα.</em></strong></span> <span class='ocrx_word' id='word_1_175' title='bbox 1316 2354 1361 2420; x_wconf 80' lang='lat' dir='ltr'>Et</span> 
     </span>
     <span class='ocr_line' id='line_1_20' title="bbox 187 2458 1361 2554; baseline 0.001 -25"><span class='ocrx_word' id='word_1_176' title='bbox 187 2468 275 2530; x_wconf 87' lang='lat' dir='ltr'>recte</span> <span class='ocrx_word' id='word_1_177' title='bbox 301 2465 493 2551; x_wconf 86' lang='lat' dir='ltr'>accipiamus</span> <span class='ocrx_word' id='word_1_178' title='bbox 518 2467 554 2533; x_wconf 91' lang='lat' dir='ltr'>in</span> <span class='ocrx_word' id='word_1_179' title='bbox 579 2469 630 2535; x_wconf 88' lang='lat' dir='ltr'>his</span> <span class='ocrx_word' id='word_1_180' title='bbox 661 2462 864 2554; x_wconf 76' lang='grc' dir='ltr'><strong><em>παράγωγον</em></strong></span> <span class='ocrx_word' id='word_1_181' title='bbox 890 2471 923 2533; x_wconf 91' lang='lat' dir='ltr'>et</span> <span class='ocrx_word' id='word_1_182' title='bbox 943 2458 1143 2553; x_wconf 71' lang='grc' dir='ltr'><strong><em>παραγωγή,</em></strong></span> <span class='ocrx_word' id='word_1_183' title='bbox 1169 2464 1361 2550; x_wconf 88' lang='lat' dir='ltr'>quaequod</span> 
     </span>
     <span class='ocr_line' id='line_1_21' title="bbox 188 2571 1361 2675; baseline 0 -38"><span class='ocrx_word' id='word_1_184' title='bbox 188 2571 314 2675; x_wconf 29' lang='lat' dir='ltr'>vixdesm</span> <span class='ocrx_word' id='word_1_185' title='bbox 339 2574 374 2639; x_wconf 93' lang='lat' dir='ltr'>in</span> <span class='ocrx_word' id='word_1_186' title='bbox 394 2573 445 2641; x_wconf 89' lang='lat' dir='ltr'>his</span> <span class='ocrx_word' id='word_1_187' title='bbox 464 2597 522 2661; x_wconf 94' lang='lat' dir='ltr'>per</span> <span class='ocrx_word' id='word_1_188' title='bbox 543 2577 680 2642; x_wconf 88' lang='lat' dir='ltr'>abusum</span> <span class='ocrx_word' id='word_1_189' title='bbox 701 2576 863 2662; x_wconf 86' lang='lat' dir='ltr'>quendam</span> <span class='ocrx_word' id='word_1_190' title='bbox 884 2574 1091 2654; x_wconf 87' lang='lat' dir='ltr'>adhibentur,</span> <span class='ocrx_word' id='word_1_191' title='bbox 1118 2595 1185 2639; x_wconf 92' lang='lat' dir='ltr'>non</span> <span class='ocrx_word' id='word_1_192' title='bbox 1206 2576 1245 2639; x_wconf 92' lang='lat' dir='ltr'>ut</span> <span class='ocrx_word' id='word_1_193' title='bbox 1264 2593 1361 2638; x_wconf 87' lang='lat' dir='ltr'>voca·</span> 
     </span>
     <span class='ocr_line' id='line_1_22' title="bbox 188 2678 1360 2770; baseline 0.001 -25"><span class='ocrx_word' id='word_1_194' title='bbox 188 2678 268 2745; x_wconf 91' lang='lat' dir='ltr'>bula</span> <span class='ocrx_word' id='word_1_195' title='bbox 281 2702 348 2746; x_wconf 88' lang='lat' dir='ltr'>non</span> <span class='ocrx_word' id='word_1_196' title='bbox 363 2681 468 2749; x_wconf 86' lang='lat' dir='ltr'>inesse</span> <span class='ocrx_word' id='word_1_197' title='bbox 484 2683 617 2765; x_wconf 88' lang='lat' dir='ltr'>dicutur,</span> <span class='ocrx_word' id='word_1_198' title='bbox 638 2686 695 2752; x_wconf 89' lang='lat' dir='ltr'>sed</span> <span class='ocrx_word' id='word_1_199' title='bbox 715 2707 782 2751; x_wconf 88' lang='lat' dir='ltr'>non</span> <span class='ocrx_word' id='word_1_200' title='bbox 804 2682 995 2770; x_wconf 76' lang='lat' dir='ltr'>significare.</span> <span class='ocrx_word' id='word_1_201' title='bbox 1031 2681 1236 2748; x_wconf 89' lang='lat' dir='ltr'>Herodisnns</span> <span class='ocrx_word' id='word_1_202' title='bbox 1251 2682 1288 2743; x_wconf 88' lang='grc' dir='ltr'><strong>Π</strong></span> <span class='ocrx_word' id='word_1_203' title='bbox 1299 2685 1360 2748; x_wconf 82' lang='grc'>635</span> 
     </span>
     <span class='ocr_line' id='line_1_23' title="bbox 167 2777 1362 2876; baseline -0.003 -24"><span class='ocrx_word' id='word_1_204' title='bbox 167 2777 234 2864; x_wconf 55' lang='grc' dir='ltr'>«ὠς</span> <span class='ocrx_word' id='word_1_205' title='bbox 253 2790 320 2853; x_wconf 82' lang='grc' dir='ltr'><strong><em>τῶν</em></strong></span> <span class='ocrx_word' id='word_1_206' title='bbox 340 2780 464 2876; x_wconf 80' lang='grc' dir='ltr'><strong><em>ὠρντπο</em></strong></span> <span class='ocrx_word' id='word_1_207' title='bbox 488 2790 615 2871; x_wconf 80' lang='grc' dir='ltr'><strong><em>δοῦπος</em></strong></span> <span class='ocrx_word' id='word_1_208' title='bbox 640 2784 711 2858; x_wconf 78' lang='grc' dir='ltr'>ἀπὸ</span> <span class='ocrx_word' id='word_1_209' title='bbox 735 2788 863 2873; x_wconf 75' lang='grc' dir='ltr'><strong><em>χθονὸς</em></strong></span> <span class='ocrx_word' id='word_1_210' title='bbox 886 2782 1093 2876; x_wconf 73' lang='grc' dir='ltr'><strong><em>εὐρυοδείης·</em></strong></span> <span class='ocrx_word' id='word_1_211' title='bbox 1124 2784 1362 2872; x_wconf 70' lang='grc' dir='ltr'><strong><em>παραγωγὸν</em></strong></span> 
     </span>
     <span class='ocr_line' id='line_1_24' title="bbox 186 2886 1360 2986; baseline -0.002 -25"><span class='ocrx_word' id='word_1_212' title='bbox 186 2886 378 2981; x_wconf 76' lang='grc' dir='ltr'><strong><em>ἡγοῦνται</em></strong></span> <span class='ocrx_word' id='word_1_213' title='bbox 398 2896 471 2986; x_wconf 77' lang='grc' dir='ltr'><strong><em>τὴν</em></strong></span> <span class='ocrx_word' id='word_1_214' title='bbox 492 2894 615 2981; x_wconf 84' lang='grc' dir='ltr'><strong><em>λέξιν,</em></strong></span> <span class='ocrx_word' id='word_1_215' title='bbox 637 2894 788 2966; x_wconf 76' lang='grc' dir='ltr'><strong><em>τουτέστι</em></strong></span> <span class='ocrx_word' id='word_1_216' title='bbox 808 2895 987 2986; x_wconf 77' lang='grc' dir='ltr'><strong><em>παρολκὴν</em></strong></span> <span class='ocrx_word' id='word_1_217' title='bbox 1006 2899 1067 2984; x_wconf 74' lang='grc' dir='ltr'>τῆς</span> <span class='ocrx_word' id='word_1_218' title='bbox 1087 2891 1145 2963; x_wconf 78' lang='lat' dir='ltr'>dni</span> <span class='ocrx_word' id='word_1_219' title='bbox 1164 2891 1282 2973; x_wconf 81' lang='grc' dir='ltr'><strong><em>τέλους</em></strong></span> <span class='ocrx_word' id='word_1_220' title='bbox 1302 2888 1360 2959; x_wconf 86' lang='grc' dir='ltr'><strong><em>λέ-</em></strong></span> 
     </span>
     <span class='ocr_line' id='line_1_25' title="bbox 187 2999 1360 3094; baseline 0.005 -27"><span class='ocrx_word' id='word_1_221' title='bbox 187 3000 276 3081; x_wconf 82' lang='grc' dir='ltr'><strong><em>ξεως.</em></strong></span> <span class='ocrx_word' id='word_1_222' title='bbox 317 3002 401 3072; x_wconf 93' lang='lat' dir='ltr'>Item</span> <span class='ocrx_word' id='word_1_223' title='bbox 421 3006 627 3077; x_wconf 86' lang='lat' dir='ltr'>Herodianus</span> <span class='ocrx_word' id='word_1_224' title='bbox 653 3007 693 3075; x_wconf 89' lang='lat' dir='ltr'>de</span> <span class='ocrx_word' id='word_1_225' title='bbox 717 2999 916 3094; x_wconf 85' lang='grc' dir='ltr'><strong><em>ταλαύρινος</em></strong></span> <span class='ocrx_word' id='word_1_226' title='bbox 943 3006 1040 3074; x_wconf 89' lang='lat' dir='ltr'>modo</span> <span class='ocrx_word' id='word_1_227' title='bbox 1068 3004 1192 3072; x_wconf 81' lang='lat' dir='ltr'>dixerat</span> <span class='ocrx_word' id='word_1_228' title='bbox 1217 3004 1264 3090; x_wconf 83' lang='lat' dir='ltr'>&lt;E</span> <span class='ocrx_word' id='word_1_229' title='bbox 1282 3004 1360 3084; x_wconf 79' lang='lat'>289&gt;</span> 
     </span>
     <span class='ocr_line' id='line_1_26' title="bbox 187 3102 1361 3202; baseline 0.003 -29"><span class='ocrx_word' id='word_1_230' title='bbox 187 3102 254 3175; x_wconf 67' lang='grc' dir='ltr'><strong><em>εἴτε</em></strong></span> <span class='ocrx_word' id='word_1_231' title='bbox 269 3107 307 3178; x_wconf 76' lang='lat' dir='ltr'>dd</span> <span class='ocrx_word' id='word_1_232' title='bbox 322 3111 438 3180; x_wconf 87' lang='grc' dir='ltr'><strong><em>λεκτὸν</em></strong></span> <span class='ocrx_word' id='word_1_233' title='bbox 451 3109 517 3196; x_wconf 68' lang='grc' dir='ltr'><strong><em>ἔχει</em></strong></span> <span class='ocrx_word' id='word_1_234' title='bbox 530 3113 570 3181; x_wconf 88' lang='grc' dir='ltr'><strong><em>τὸ</em></strong></span> <span class='ocrx_word' id='word_1_235' title='bbox 585 3112 643 3182; x_wconf 75' lang='grc' dir='ltr'>ἐπὶ</span> <span class='ocrx_word' id='word_1_236' title='bbox 655 3112 772 3194; x_wconf 87' lang='grc' dir='ltr'><strong><em>τέλους</em></strong></span> <span class='ocrx_word' id='word_1_237' title='bbox 785 3109 853 3182; x_wconf 75' lang='grc' dir='ltr'><strong><em>εἴτε</em></strong></span> <span class='ocrx_word' id='word_1_238' title='bbox 867 3112 1039 3202; x_wconf 80' lang='grc' dir='ltr'><strong><em>παρέλκει,</em></strong></span> <span class='ocrx_word' id='word_1_239' title='bbox 1056 3115 1144 3199; x_wconf 92' lang='lat' dir='ltr'>quod</span> <span class='ocrx_word' id='word_1_240' title='bbox 1158 3111 1361 3178; x_wconf 83' lang='lat' dir='ltr'>Aristonicus</span> 
     </span>
     <span class='ocr_line' id='line_1_27' title="bbox 187 3211 1363 3312; baseline -0.001 -28"><span class='ocrx_word' id='word_1_241' title='bbox 187 3219 268 3286; x_wconf 88' lang='lat' dir='ltr'>dixit</span> <span class='ocrx_word' id='word_1_242' title='bbox 289 3213 322 3307; x_wconf 77' lang='grc' dir='ltr'>(ἡ</span> <span class='ocrx_word' id='word_1_243' title='bbox 339 3221 456 3311; x_wconf 74' lang='grc' dir='ltr'><strong><em>διπλῆ)</em></strong></span> <span class='ocrx_word' id='word_1_244' title='bbox 477 3220 530 3291; x_wconf 81' lang='grc' dir='ltr'><strong><em>ὅτι</em></strong></span> <span class='ocrx_word' id='word_1_245' title='bbox 550 3218 771 3312; x_wconf 76' lang='grc' dir='ltr'><strong><em>παρηγμένος</em></strong></span> <span class='ocrx_word' id='word_1_246' title='bbox 791 3220 882 3308; x_wconf 79' lang='grc' dir='ltr'><strong><em>λέγει</em></strong></span> <span class='ocrx_word' id='word_1_247' title='bbox 898 3217 1104 3310; x_wconf 87' lang='grc' dir='ltr'><strong><em>ταλαύρινον.</em></strong></span> <span class='ocrx_word' id='word_1_248' title='bbox 1138 3221 1189 3287; x_wconf 89' lang='grc' dir='ltr'>Ι)ε</span> <span class='ocrx_word' id='word_1_249' title='bbox 1211 3211 1363 3295; x_wconf 78' lang='grc' dir='ltr'><strong><em>ὠκύαλος</em></strong></span> 
     </span>
     <span class='ocr_line' id='line_1_28' title="bbox 187 3319 1363 3421; baseline -0.002 -29"><span class='ocrx_word' id='word_1_250' title='bbox 187 3327 228 3392; x_wconf 93' lang='lat' dir='ltr'>ad</span> <span class='ocrx_word' id='word_1_251' title='bbox 254 3327 282 3392; x_wconf 83' lang='lat'><em>0</em></span> <span class='ocrx_word' id='word_1_252' title='bbox 302 3335 363 3400; x_wconf 86' lang='grc'>705</span> <span class='ocrx_word' id='word_1_253' title='bbox 378 3326 503 3419; x_wconf 82' lang='grc' dir='ltr'><strong><em>Ἕκτωρ</em></strong></span> <span class='ocrx_word' id='word_1_254' title='bbox 526 3329 564 3399; x_wconf 78' lang='grc' dir='ltr'>δέ</span> <span class='ocrx_word' id='word_1_255' title='bbox 584 3330 731 3420; x_wconf 85' lang='grc' dir='ltr'><strong><em>πρύμνης</em></strong></span> <span class='ocrx_word' id='word_1_256' title='bbox 750 3330 827 3410; x_wconf 85' lang='grc' dir='ltr'><strong><em>νεὸς</em></strong></span> <span class='ocrx_word' id='word_1_257' title='bbox 844 3328 963 3421; x_wconf 76' lang='grc' dir='ltr'><strong><em>ἥψατο</em></strong></span> <span class='ocrx_word' id='word_1_258' title='bbox 984 3319 1233 3412; x_wconf 86' lang='grc' dir='ltr'><strong><em>ποντοπόροιο,</em></strong></span> <span class='ocrx_word' id='word_1_259' title='bbox 1256 3323 1363 3412; x_wconf 75' lang='grc' dir='ltr'><strong><em>καλῆς</em></strong></span> 
     </span>
     <span class='ocr_line' id='line_1_29' title="bbox 187 3428 1361 3528; baseline 0.001 -29"><span class='ocrx_word' id='word_1_260' title='bbox 187 3428 352 3517; x_wconf 78' lang='grc' dir='ltr'><strong><em>ὠκυάλου,</em></strong></span> <span class='ocrx_word' id='word_1_261' title='bbox 374 3440 409 3505; x_wconf 93' lang='lat' dir='ltr'>in</span> <span class='ocrx_word' id='word_1_262' title='bbox 423 3439 601 3508; x_wconf 88' lang='lat' dir='ltr'>Herodiani</span> <span class='ocrx_word' id='word_1_263' title='bbox 615 3445 703 3522; x_wconf 80' lang='lat' dir='ltr'>nota,</span> <span class='ocrx_word' id='word_1_264' title='bbox 726 3464 922 3528; x_wconf 82' lang='lat' dir='ltr'>quamquem</span> <span class='ocrx_word' id='word_1_265' title='bbox 942 3464 1010 3510; x_wconf 91' lang='lat' dir='ltr'>non</span> <span class='ocrx_word' id='word_1_266' title='bbox 1023 3439 1153 3526; x_wconf 80' lang='lat' dir='ltr'>integra</span> <span class='ocrx_word' id='word_1_267' title='bbox 1173 3440 1231 3517; x_wconf 77' lang='lat' dir='ltr'>est,</span> <span class='ocrx_word' id='word_1_268' title='bbox 1251 3439 1361 3502; x_wconf 84' lang='lat' dir='ltr'>temen</span> 
     </span>
     <span class='ocr_line' id='line_1_30' title="bbox 187 3543 1362 3637; baseline 0.002 -28"><span class='ocrx_word' id='word_1_269' title='bbox 187 3543 390 3631; x_wconf 79' lang='lat' dir='ltr'>intelligitur,</span> <span class='ocrx_word' id='word_1_270' title='bbox 409 3551 476 3615; x_wconf 83' lang='lat' dir='ltr'>tros</span> <span class='ocrx_word' id='word_1_271' title='bbox 490 3550 668 3617; x_wconf 85' lang='lat' dir='ltr'>sententias</span> <span class='ocrx_word' id='word_1_272' title='bbox 682 3572 796 3617; x_wconf 88' lang='lat' dir='ltr'>eorum</span> <span class='ocrx_word' id='word_1_273' title='bbox 812 3550 1096 3637; x_wconf 79' lang='lat' dir='ltr'>grammaticorum</span> <span class='ocrx_word' id='word_1_274' title='bbox 1110 3543 1362 3622; x_wconf 80' lang='lat' dir='ltr'>commemorari,</span> 
     </span>
     <span class='ocr_line' id='line_1_31' title="bbox 188 3649 1361 3744; baseline -0.001 -28"><span class='ocrx_word' id='word_1_275' title='bbox 188 3651 244 3736; x_wconf 91' lang='lat' dir='ltr'>qui</span> <span class='ocrx_word' id='word_1_276' title='bbox 266 3653 407 3734; x_wconf 85' lang='lat' dir='ltr'>(ethanc</span> <span class='ocrx_word' id='word_1_277' title='bbox 420 3657 594 3741; x_wconf 85' lang='lat' dir='ltr'>paredosin</span> <span class='ocrx_word' id='word_1_278' title='bbox 608 3679 739 3744; x_wconf 90' lang='lat' dir='ltr'>quoque</span> <span class='ocrx_word' id='word_1_279' title='bbox 760 3657 861 3726; x_wconf 83' lang='lat' dir='ltr'>inisse</span> <span class='ocrx_word' id='word_1_280' title='bbox 876 3658 966 3742; x_wconf 90' lang='lat' dir='ltr'>dicit)</span> <span class='ocrx_word' id='word_1_281' title='bbox 988 3649 1141 3732; x_wconf 78' lang='grc' dir='ltr'><strong><em>ὠκύαλος</em></strong></span> <span class='ocrx_word' id='word_1_282' title='bbox 1161 3675 1235 3719; x_wconf 90' lang='lat' dir='ltr'>cum</span> <span class='ocrx_word' id='word_1_283' title='bbox 1254 3651 1361 3717; x_wconf 88' lang='lat' dir='ltr'>medio</span> 
     </span>
     <span class='ocr_line' id='line_1_32' title="bbox 187 3753 1426 3853; baseline 0 -30"><span class='ocrx_word' id='word_1_284' title='bbox 187 3757 251 3824; x_wconf 90' lang='lat' dir='ltr'>leni</span> <span class='ocrx_word' id='word_1_285' title='bbox 266 3760 450 3845; x_wconf 79' lang='lat' dir='ltr'>scriberent</span> <span class='ocrx_word' id='word_1_286' title='bbox 470 3765 589 3850; x_wconf 88' lang='lat' dir='ltr'>partim</span> <span class='ocrx_word' id='word_1_287' title='bbox 604 3788 715 3845; x_wconf 85' lang='lat' dir='ltr'>eorum</span> <span class='ocrx_word' id='word_1_288' title='bbox 736 3768 794 3853; x_wconf 93' lang='lat' dir='ltr'>qui</span> <span class='ocrx_word' id='word_1_289' title='bbox 815 3768 921 3834; x_wconf 88' lang='lat' dir='ltr'>inesse</span> <span class='ocrx_word' id='word_1_290' title='bbox 943 3765 1073 3851; x_wconf 89' lang='lat' dir='ltr'>quidem</span> <span class='ocrx_word' id='word_1_291' title='bbox 1093 3753 1177 3839; x_wconf 82' lang='grc' dir='ltr'><strong><em>ἁλός</em></strong></span> <span class='ocrx_word' id='word_1_292' title='bbox 1197 3764 1358 3847; x_wconf 83' lang='lat' dir='ltr'>putarent,</span> <span class='ocrx_word' id='word_1_293' title='bbox 1375 3772 1426 3825; x_wconf 74' lang='lat' dir='ltr'>eru</span> 
     </span>
     <span class='ocr_line' id='line_1_33' title="bbox 188 3859 1362 3960; baseline -0.003 -25"><span class='ocrx_word' id='word_1_294' title='bbox 188 3866 245 3935; x_wconf 79' lang='lat' dir='ltr'>aed</span> <span class='ocrx_word' id='word_1_295' title='bbox 269 3889 336 3934; x_wconf 93' lang='lat' dir='ltr'>non</span> <span class='ocrx_word' id='word_1_296' title='bbox 361 3871 541 3958; x_wconf 81' lang='lat' dir='ltr'>significare</span> <span class='ocrx_word' id='word_1_297' title='bbox 568 3869 665 3957; x_wconf 79' lang='grc' dir='ltr'><strong><em>(,,καί</em></strong></span> <span class='ocrx_word' id='word_1_298' title='bbox 686 3868 771 3955; x_wconf 82' lang='grc' dir='ltr'><strong><em>τύχα</em></strong></span> <span class='ocrx_word' id='word_1_299' title='bbox 797 3870 873 3940; x_wconf 75' lang='grc' dir='ltr'><strong><em>ἐπεὶ</em></strong></span> <span class='ocrx_word' id='word_1_300' title='bbox 891 3868 996 3960; x_wconf 80' lang='grc' dir='ltr'><strong><em>μηδὲν</em></strong></span> <span class='ocrx_word' id='word_1_301' title='bbox 1024 3864 1108 3937; x_wconf 78' lang='grc' dir='ltr'><strong><em>ύλλο</em></strong></span> <span class='ocrx_word' id='word_1_302' title='bbox 1129 3860 1154 3957; x_wconf 75' lang='grc' dir='ltr'>ἢ</span> <span class='ocrx_word' id='word_1_303' title='bbox 1172 3865 1212 3936; x_wconf 86' lang='grc' dir='ltr'><strong><em>τὸ</em></strong></span> <span class='ocrx_word' id='word_1_304' title='bbox 1235 3859 1302 3934; x_wconf 78' lang='grc' dir='ltr'><strong><em>ὠκὺ</em></strong></span> <span class='ocrx_word' id='word_1_305' title='bbox 1325 3863 1362 3933; x_wconf 86' lang='grc' dir='ltr'><strong><em>έκ</em></strong></span> 
     </span>
     <span class='ocr_line' id='line_1_34' title="bbox 186 3970 1362 4071; baseline -0.01 -18"><span class='ocrx_word' id='word_1_306' title='bbox 186 3976 247 4059; x_wconf 62' lang='grc' dir='ltr'>τῆς</span> <span class='ocrx_word' id='word_1_307' title='bbox 267 3970 387 4056; x_wconf 81' lang='grc' dir='ltr'><strong><em>λέξεως</em></strong></span> <span class='ocrx_word' id='word_1_308' title='bbox 407 3975 654 4069; x_wconf 54' lang='grc' dir='ltr'><strong><em>οημαίνεταιέί),</em></strong></span> <span class='ocrx_word' id='word_1_309' title='bbox 676 3983 796 4071; x_wconf 76' lang='lat' dir='ltr'>purtim</span> <span class='ocrx_word' id='word_1_310' title='bbox 815 4004 928 4050; x_wconf 88' lang='lat' dir='ltr'>eorum</span> <span class='ocrx_word' id='word_1_311' title='bbox 949 3980 1060 4068; x_wconf 89' lang='lat' dir='ltr'>quire</span> <span class='ocrx_word' id='word_1_312' title='bbox 1081 4000 1157 4046; x_wconf 81' lang='lat' dir='ltr'>vera</span> <span class='ocrx_word' id='word_1_313' title='bbox 1177 3981 1211 4045; x_wconf 89' lang='lat' dir='ltr'>et</span> <span class='ocrx_word' id='word_1_314' title='bbox 1230 3976 1362 4064; x_wconf 91' lang='lat' dir='ltr'>proprio</span> 
     </span>
     <span class='ocr_line' id='line_1_35' title="bbox 187 4082 1363 4177; baseline 0.001 -28"><span class='ocrx_word' id='word_1_315' title='bbox 187 4104 285 4150; x_wconf 85' lang='lat' dir='ltr'>sensu</span> <span class='ocrx_word' id='word_1_316' title='bbox 307 4082 613 4177; x_wconf 69' lang='lat' dir='ltr'>cborparegogieas</span> <span class='ocrx_word' id='word_1_317' title='bbox 635 4091 774 4177; x_wconf 83' lang='lat' dir='ltr'>syllabus</span> <span class='ocrx_word' id='word_1_318' title='bbox 796 4112 867 4158; x_wconf 87' lang='lat' dir='ltr'>esse</span> <span class='ocrx_word' id='word_1_319' title='bbox 887 4093 1049 4176; x_wconf 86' lang='lat' dir='ltr'>putarent.</span> <span class='ocrx_word' id='word_1_320' title='bbox 1086 4087 1235 4155; x_wconf 76' lang='lat' dir='ltr'>Ceterum</span> <span class='ocrx_word' id='word_1_321' title='bbox 1256 4085 1363 4151; x_wconf 86' lang='lat' dir='ltr'>Hero·</span> 
     </span>
     <span class='ocr_line' id='line_1_36' title="bbox 188 4191 1363 4284; baseline 0.003 -27"><span class='ocrx_word' id='word_1_322' title='bbox 188 4191 302 4259; x_wconf 80' lang='lat' dir='ltr'>dianus</span> <span class='ocrx_word' id='word_1_323' title='bbox 326 4193 389 4260; x_wconf 93' lang='lat' dir='ltr'>hoc</span> <span class='ocrx_word' id='word_1_324' title='bbox 416 4197 513 4263; x_wconf 88' lang='lat' dir='ltr'>etiam</span> <span class='ocrx_word' id='word_1_325' title='bbox 541 4197 614 4267; x_wconf 90' lang='lat' dir='ltr'>loco</span> <span class='ocrx_word' id='word_1_326' title='bbox 635 4199 671 4264; x_wconf 92' lang='lat' dir='ltr'>in</span> <span class='ocrx_word' id='word_1_327' title='bbox 699 4220 738 4265; x_wconf 86' lang='lat' dir='ltr'>cc</span> <span class='ocrx_word' id='word_1_328' title='bbox 757 4219 792 4265; x_wconf 89' lang='lat' dir='ltr'>rc</span> <span class='ocrx_word' id='word_1_329' title='bbox 813 4196 990 4284; x_wconf 76' lang='grc' dir='ltr'><strong><em>πορολκῆς</em></strong></span> <span class='ocrx_word' id='word_1_330' title='bbox 1008 4194 1165 4263; x_wconf 78' lang='lat' dir='ltr'>vocabulo</span> <span class='ocrx_word' id='word_1_331' title='bbox 1186 4216 1264 4261; x_wconf 84' lang='lat' dir='ltr'>usus</span> <span class='ocrx_word' id='word_1_332' title='bbox 1287 4197 1363 4272; x_wconf 79' lang='lat' dir='ltr'>erat,</span> 
     </span>
     <span class='ocr_line' id='line_1_37' title="bbox 186 4294 1362 4393; baseline -0.003 -24"><span class='ocrx_word' id='word_1_333' title='bbox 186 4308 224 4369; x_wconf 91' lang='lat' dir='ltr'>ut</span> <span class='ocrx_word' id='word_1_334' title='bbox 252 4303 287 4369; x_wconf 92' lang='lat' dir='ltr'>in</span> <span class='ocrx_word' id='word_1_335' title='bbox 315 4294 513 4391; x_wconf 76' lang='grc' dir='ltr'><strong><em>εὐρυοδείης.</em></strong></span> <span class='ocrx_word' id='word_1_336' title='bbox 555 4305 653 4384; x_wconf 86' lang='lat' dir='ltr'>Quod</span> <span class='ocrx_word' id='word_1_337' title='bbox 679 4329 719 4374; x_wconf 87' lang='lat' dir='ltr'>ex</span> <span class='ocrx_word' id='word_1_338' title='bbox 739 4306 958 4393; x_wconf 76' lang='lat' dir='ltr'>Etymologici</span> <span class='ocrx_word' id='word_1_339' title='bbox 979 4304 1024 4371; x_wconf 87' lang='grc' dir='ltr'>Μ.</span> <span class='ocrx_word' id='word_1_340' title='bbox 1052 4307 1132 4370; x_wconf 77' lang='grc' dir='ltr'><strong><em>ουλε</em></strong></span> <span class='ocrx_word' id='word_1_341' title='bbox 1160 4324 1185 4369; x_wconf 85' lang='lat' dir='ltr'>s.</span> <span class='ocrx_word' id='word_1_342' title='bbox 1207 4295 1362 4367; x_wconf 79' lang='grc' dir='ltr'><strong><em>ὠκυάλου</em></strong></span> 
     </span>
    </p>
   </div>
   <div class='ocr_carea' id='block_1_6' title="bbox 187 4399 1360 4568">
    <p class='ocr_par' dir='ltr' id='par_1_6' title="bbox 187 4399 1360 4568">
     <span class='ocr_line' id='line_1_38' title="bbox 187 4399 1360 4567; baseline -0.002 -90"><span class='ocrx_word' id='word_1_343' title='bbox 187 4411 392 4557; x_wconf 51' lang='lat' dir='ltr'>intlolqigi’rqr:¹</span> <span class='ocrx_word' id='word_1_344' title='bbox 409 4432 508 4556; x_wconf 74' lang='lat' dir='ltr'>quqm</span> <span class='ocrx_word' id='word_1_345' title='bbox 521 4412 597 4480; x_wconf 91' lang='lat' dir='ltr'>hinc</span> <span class='ocrx_word' id='word_1_346' title='bbox 610 4413 741 4483; x_wconf 84' lang='lat' dir='ltr'>fluxisse</span> <span class='ocrx_word' id='word_1_347' title='bbox 755 4419 899 4505; x_wconf 86' lang='lat' dir='ltr'>apparet,</span> <span class='ocrx_word' id='word_1_348' title='bbox 919 4434 1000 4498; x_wconf 86' lang='lat' dir='ltr'>quae</span> <span class='ocrx_word' id='word_1_349' title='bbox 1012 4411 1094 4485; x_wconf 80' lang='lat' dir='ltr'>haec</span> <span class='ocrx_word' id='word_1_350' title='bbox 1113 4413 1175 4567; x_wconf 60' lang='lat' dir='ltr'>quot:</span> <span class='ocrx_word' id='word_1_351' title='bbox 1196 4399 1360 4487; x_wconf 76' lang='grc' dir='ltr'><strong><em>ὠκυάλου,</em></strong></span> 
     </span>
     <span class='ocr_line' id='line_1_39' title="bbox 253 4517 1086 4568; baseline 0.008 -10"><span class='ocrx_word' id='word_1_352' title='bbox 253 4523 266 4558; x_wconf 85' lang='grc' dir='ltr'><strong><em>ε</em></strong></span> <span class='ocrx_word' id='word_1_353' title='bbox 292 4524 335 4568; x_wconf 79' lang='grc' dir='ltr'><strong><em>ει,</em></strong></span> <span class='ocrx_word' id='word_1_354' title='bbox 394 4517 459 4560; x_wconf 67' lang='grc' dir='ltr'><strong><em>τίετε</em></strong></span> <span class='ocrx_word' id='word_1_355' title='bbox 480 4542 486 4557; x_wconf 83' lang='grc'><em>.</em></span> <span class='ocrx_word' id='word_1_356' title='bbox 1085 4562 1086 4565; x_wconf 76' lang='grc'><strong><em>,</em></strong></span> 
     </span>
    </p>
   </div>
   <div class='ocr_carea' id='block_1_7' title="bbox 0 0 1720 4934">
    <p class='ocr_par' dir='ltr' id='par_1_7' title="bbox 0 0 1720 4934">
     <span class='ocr_line' id='line_1_40' title="bbox 0 0 1720 4934; baseline 0 0"><span class='ocrx_word' id='word_1_357' title='bbox 0 0 1720 4934; x_wconf 95' lang='lat' dir='ltr'> </span> 
     </span>
    </p>
   </div>
  </div>
 </body>
</html>
