3425 4934
745 1072 1048 1190 Dissertatio
1084 1074 1139 1186 V.

549 1321 617 1403 De
645 1322 799 1404 criticis
830 1319 1063 1402 Aristarchi
1089 1315 1333 1400 rationibus.

889 1684 930 1761 O.
959 1686 988 1761 1.

804 1866 855 1932 oo
877 1867 1074 1951 aunon

439 2049 459 2132 ἓ
487 2056 513 2115 1.
561 2045 651 2113 Artis
681 2048 841 2115 scribendi
873 2049 908 2114 in
938 2048 1133 2115 carminibus
1161 2047 1296 2114 Homeri
1330 2047 1527 2114 mentionem

355 2155 478 2222 nullam
499 2155 576 2234 fieri,
596 2159 683 2221 recte
696 2155 903 2222 Aristarchus
923 2156 1105 2223 observavit
1127 2158 1167 2236 (v.
1183 2155 1257 2220 diss.
1270 2152 1303 2220 Π
1322 2178 1345 2221 0.
1364 2146 1526 2241 γράφειν).

225 2262 229 2267 ’
355 2265 508 2330 Attamen
533 2264 694 2330 censuisse
722 2261 901 2330 Homerum
935 2265 1042 2349 ipsum
1072 2285 1139 2329 non
1169 2263 1333 2348 scripsisse
1359 2285 1527 2348 nusquam,

356 2371 444 2455 quod
465 2370 580 2451 sciam,
601 2371 775 2457 vestigium
797 2375 855 2439 est.
891 2371 1026 2438 Censuit
1045 2370 1265 2450 Aristarchus,
1286 2370 1444 2455 quaedam
1464 2369 1526 2455 ipsi

355 2478 500 2543 Homero
522 2478 655 2565 cognita
675 2476 784 2559 fuisse,
808 2479 927 2563 quibus
948 2483 1057 2545 tamen
1078 2479 1194 2545 heroas
1214 2479 1263 2545 uti
1285 2500 1352 2544 non
1372 2477 1477 2558 faciat,
1499 2502 1525 2544 e.

355 2606 387 2672 g.
409 2588 576 2673 unguenta
597 2589 631 2651 et
651 2586 847 2652 ceronnam·
871 2586 992 2654 Athen.
1011 2592 1080 2655 180.
1115 2586 1222 2654 Schoi.
1247 2588 1284 2650 A
1303 2593 1372 2677 709.
1404 2591 1439 2651 N
1457 2593 1526 2654 736.

355 2688 476 2763 5171.
507 2694 540 2756 Ψ
562 2699 634 2771 iss,
657 2694 769 2760 tubam
789 2698 819 2758 Σ
838 2701 908 2764 219.
943 2694 1527 2780 cass,artemeq11iundi0ova‚

355 2801 459 2868 carnis
485 2802 666 2868 coctionem
694 2804 726 2864 11)
749 2807 808 2870 362
835 2802 886 2886 (cf.
912 2826 943 2889 p.
966 2808 1027 2872 228
1043 2794 1196 2890 '‘Epvpo).
1235 2801 1285 2868 Eo
1308 2802 1410 2888 igitur
1437 2801 1526 2867 vide-

354 2910 443 2975 bitur
467 2909 564 2975 etiam
593 2910 784 2995 scripturam
809 2910 982 2978 rettulisse.
1024 2911 1179 2977 Attamen
1204 2908 1267 2975 hoc
1294 2929 1353 2975 nec
1379 2909 1440 2995 ipsi
1466 2931 1526 2975 nea

354 3018 394 3083 iis
410 3018 466 3103 qui
484 3021 560 3083 ante
581 3039 654 3084 aum
675 3018 854 3085 accuratius
877 3018 1070 3105 scriptorum
1092 3018 1226 3086 lectioni
1247 3021 1443 3096 vacaverant
1465 3018 1526 3083 ob·

354 3129 438 3193 stare
452 3129 580 3211 poterat
598 3126 678 3211 quin
698 3126 819 3193 multos
839 3148 949 3192 versus
971 3127 1138 3213 irrepsisse
1157 3147 1347 3213 persuasum
1367 3125 1527 3191 haberent

354 3233 549 3300 subdititios.
591 3231 709 3299 Nonne
731 3234 817 3320 apud
833 3235 988 3323 tragicos,
1011 3234 1098 3320 apud
1118 3233 1371 3319 Aristophanem
1392 3233 1524 3299 invene·

353 3344 439 3419 rant,
466 3362 547 3425 quos
573 3363 667 3407 nemo
693 3342 763 3408 sani
788 3322 899 3408 iudicii
924 3344 986 3428 'pro
1017 3341 1167 3429 genuinis
1196 3341 1316 3406 habere
1337 3345 1448 3426 posset
1458 3340 1526 3404 ²³⁵?

354 3448 389 3515 Si
403 3447 507 3514 multo
521 3448 629 3533 pluras
651 3450 737 3535 apud
750 3450 928 3518 Homerum
949 3448 1195 3516 inveniebantur
1216 3448 1369 3535 aliosque,
1391 3448 1447 3533 qui
1470 3447 1525 3514 diu

272 3574 344 3646 (aro)
355 3579 413 3642 per
427 3560 594 3623 cantorum
609 3579 665 3623 ora
685 3558 879 3637 ferebantur,
899 3558 962 3624 hoc
981 3561 1232 3624 consentaneum
1254 3560 1331 3622 erat.
1368 3555 1439 3633 Quo
1458 3554 1525 3621 for·

354 3668 439 3729 tasse
462 3664 558 3730 etiam
581 3665 619 3730 de
641 3665 832 3751 quibusdam
852 3667 997 3733 versibus
1023 3664 1109 3730 fama
1130 3665 1287 3750 quasdam
1314 3665 1460 3743 accessit,
1487 3668 1525 3729 ut

290 3785 338 3836 334
358 3770 549 3855 (10801000,
571 3772 778 3840 Onomacrito
798 3770 831 3856 (t
846 3776 928 3856 604),
949 3772 1167 3859 Cynaethone.
1203 3771 1251 3840 cf.
1265 3770 1401 3838 Pausan.
1416 3771 1461 3838 IX
1474 3777 1524 3840 31.

357 3878 559 3965 Quamquam
572 3880 648 3945 huic
662 3880 767 3946 famae
784 3881 953 3948 minimum
967 3881 1118 3948 tribuisse
1133 3884 1267 3967 apparet
1281 3902 1320 3946 ex
1341 3903 1379 3945 ea
1399 3880 1524 3947 ratione

356 4009 419 4072 qua
447 3987 486 4053 de
513 3987 670 4054 eiusmodi
697 3989 841 4054 versibus
867 3990 993 4074 quaerit
1013 3987 1219 4055 Aristarchus
1245 3990 1284 4072 (v.
1307 3987 1346 4054 de
1366 3990 1467 4074 στῆσε
1489 3979 1520 4052 δ’

421 4154 478 4197 ²⁸4·
491 4153 559 4224 <ser
568 4154 603 4209 da
613 4152 656 4209 his
665 4154 823 4211 conseratur
833 4155 1047 4211 nuncE.Rohde
1056 4154 1087 4209 in
1095 4153 1523 4225 Mus.Rhen.XXXVIp.544sq.>

354 4239 459 4378 nota?
484 4238 575 4296 Instar
592 4238 716 4295 omnium
734 4256 828 4295 versus
845 4238 913 4297 Ran
933 4244 997 4295 1139
1014 4258 1073 4310 sqq.
1095 4239 1132 4294 ab
1150 4237 1309 4295 Aristarcho
1328 4242 1357 4295 et
1375 4237 1524 4310 Apollonio
