3425 4934
373 330 433 394 348
668 320 700 375 V.
727 319 769 376 De
786 316 894 376 criticis
914 315 1067 372 Aristarchi
1082 316 1244 372 ratiombus.

373 492 412 557 de
441 488 617 556 Herodiuni
644 487 832 555 definitione
866 486 1036 572 prosodiae
1066 486 1224 553 disserens
1253 480 1454 571 ,,πρσσφῦία
1477 480 1548 551 ἐστί

372 594 459 663 ποιὰ
480 589 576 674 τάσις
594 589 825 680 ἐγγραμμάτου
845 596 985 683 φωνῇςῑί
1007 617 1075 661 non
1093 595 1231 681 negligit
1252 596 1381 662 addere:
1403 590 1438 659 όν
1458 593 1547 661 πολ-

372 703 445 783 λοῖς
466 699 503 769 δὲ
522 698 671 787 βιβλίοις
692 696 879 790 εὑρίσκεται
899 699 957 767 καί
977 695 1083 789 ὑγιής.
1120 702 1190 770 Νεα
1203 703 1395 769 Eustathius
1408 725 1483 768 raro
1502 700 1546 767 τά

372 809 504 877 παλαιὰ
528 803 715 899 ἀντίγραφα
737 814 976 877 commemorat.
1011 809 1057 875 nt
1075 809 1233 877 hebemus
1246 811 1333 876 inter
1347 810 1546 895 Byzantinos

373 922 429 1007 qui
456 919 606 987 omnibus
635 919 754 1005 quibus
781 941 832 984 ars
862 919 974 985 critica
999 919 1175 985 exercenda
1196 925 1247 985 est
1267 919 1359 1004 quasi
1382 920 1547 1005 exemplar

372 1027 510 1114 proponi
536 1027 653 1112 possit,
679 1025 890 1112 Stephanum.
939 1024 1033 1104 Quod
1059 1048 1155 1093 nemo
1182 1027 1238 1112 qui
1265 1026 1356 1092 illum
1376 1027 1545 1113 egregium

372 1134 618 1223 grammaticum
630 1134 797 1222 cognitum
809 1135 910 1201 habet
924 1134 1063 1201 dubitet:
1082 1134 1146 1200 alia
1156 1134 1301 1220 exempla
1314 1134 1399 1200 infra
1411 1155 1546 1220 ponam:

372 1266 475 1311 unum
496 1242 664 1310 hocloco:

451 1343 665 1433 Ἀνακτόριον
679 1351 714 1416 in
727 1372 821 1416 versu
836 1349 1009 1435 Sophoclis
1022 1350 1069 1416 sit
1082 1349 1268 1435 Eugenium
1288 1372 1347 1435 per
1368 1349 1546 1436 diphthon-

373 1482 452 1547 gum
472 1460 650 1546 scripsisse:
671 1451 762 1524 ἔοικε
782 1450 813 1521 d’
831 1449 1001 1541 tymim·
1022 1452 1267 1545 ἐντετυχηκέναι
1287 1452 1426 1546 βιβλίῳ·
1447 1450 1547 1544 ἡμεῖς

373 1565 436 1653 γὰρ
459 1564 517 1632 did
537 1568 596 1633 τοῦ
619 1588 632 1630 ι
654 1554 803 1651 εῦρσμεν.

456 1674 601 1754 Quorsus
614 1695 711 1759 porro
725 1674 891 1760 pertinent
909 1674 1192 1761 grammaticorum
1214 1674 1363 1760 querelae
1384 1674 1424 1739 de
1445 1672 1545 1738 libra-

309 1790 358 1843 eol
375 1783 497 1850 riorum
518 1781 722 1867 corruptelis,
752 1786 790 1849 ut
809 1781 1023 1860 Philemonis,
1052 1781 1234 1862 Strabonis,
1266 1780 1380 1848 Galeni
1403 1780 1545 1862 (Villois.

373 1891 495 1958 Anecd.
518 1889 679 1976 llp-136.
714 1888 812 1955 Beck.
835 1912 919 1976 spec.
941 1890 1053 1955 histor.
1077 1890 1154 1955 bibl
1176 1889 1265 1957 Alex.
1287 1912 1318 1973 p.
1338 1893 1411 1972 23)?
1439 1887 1546 1967 Quor·

374 2020 447 2064 sum
471 1998 658 2065 institutum
683 1998 749 2061 τιῦν
777 1995 996 2083 ῦιορθιοτιῦνθ
1025 1995 1131 2063 Schol
1157 1995 1255 2063 Dion.
1283 2019 1315 2082 p.
1338 2001 1415 2075 736,
1436 2002 1456 2064 8
1476 1993 1545 2082 πρὸ

373 2101 434 2189 μὲν
459 2103 522 2190 γάρ
547 2106 608 2169 τοῦ
636 2095 808 2190 άρξασθαι
833 2097 1074 2189 ἀναγινώσκειν
1101 2097 1119 2168 ὃ
1150 2100 1343 2190 διορθωτὴς
1363 2096 1545 2188 λαμβάνων

292 2219 365 2291 (371)
374 2210 414 2281 τὸ
427 2207 561 2298 βιβλίον
583 2210 784 2295 διορθοῦται
799 2203 892 2289 αῦτό,
914 2211 970 2277 ἵνα
982 2208 1029 2299 μὴ
1047 2207 1268 2288 εἰιταισμένον
1282 2204 1363 2278 αῦτὸ
1384 2205 1546 2295 ἀναγνοὺς

376 2314 394 2387 ό
422 2316 496 2398 νόος
519 2312 567 2397 εἷς
590 2317 696 2407 κακὴν
726 2314 793 2400 ἕξιν
819 2315 956 2408 ἐμπέσῃ.
1007 2319 1054 2388 cf.
1082 2325 1157 2400 688,
1182 2324 1220 2388 31
1250 2308 1321 2384 εἶτα
1346 2317 1407 2407 τὴν
1434 2311 1544 2383 αἰτίαν

375 2420 577 2505 ἀποδιδούς,
607 2419 649 2492 δι’
675 2416 719 2513 ἣν
747 2419 786 2493 οῦ
807 2422 942 2493 τίθεται
963 2430 1019 2493 νῦν
1044 2422 1103 2493 ἐπὶ
1124 2421 1234 2514 πάσης
1254 2422 1456 2513 σαλλαβῆςὴ
1480 2430 1546 2510 βα-

375 2538 458 2618 ρεῖα,
482 2530 583 2624 φησίν
605 2533 685 2613 ,,ἵνα
701 2531 749 2622 μὴ
763 2527 1079 2622 καταχαράσσιονται
1092 2532 1134 2600 τὰ
1155 2530 1285 2619 βιβλία,
1307 2537 1404 2600 τοῦτο
1426 2538 1481 2599 νῦν
1503 2528 1543 2600 οῦ

374 2637 535 2728 γίνεταιίί.
579 2634 867 2726 ἐπιλαμβάνονται
893 2639 931 2708 δῦ
956 2640 1081 2709 πολλοὶ
1103 2645 1164 2708 τοῦ
1188 2646 1336 2723 τεχνικοῦ
1362 2636 1420 2708 καί
1440 2664 1546 2731 φασιν

374 2747 428 2819 ὅτι
442 2744 503 2819 οῦκ
517 2744 640 2837 εῦλσγα
661 2749 755 2817 δοκεῖ
775 2746 897 2835 λέγειν·
920 2747 1005 2816 κατὰ
1026 2749 1088 2835 γὰρ
1109 2754 1226 2817 τοῦτον
1245 2747 1304 2819 τὸν
1325 2742 1504 2835 λόγονκαὶ
1525 2749 1545 2818 ὁ

374 2852 477 2942 εῦρών
498 2854 708 2946 ἐσφαλμένον
727 2853 862 2944 βιβλίον
884 2852 945 2925 οῦκ
967 2851 1098 2947 ὀφείλει
1119 2861 1216 2926 τοῦτο
1239 2861 1467 2945 διορθοῦσθαι
1488 2857 1548 2924 καί

374 2963 461 3048 ξίειν
479 2965 521 3033 τά
543 2969 656 3045 κακῶς
674 2962 853 3055 γραφέντα,
879 2959 952 3031 ἀλλ’
969 2965 1028 3033 lev
1049 2960 1273 3050 άόιόρθωτον,
1296 2966 1350 3030 ἵνα
1366 2963 1412 3053 μὴ
1433 2963 1471 3033 τὸ
1493 2970 1548 3050 βι-

372 3070 469 3160 βλίον
489 3068 634 3152 άκαλλές
654 3096 689 3139 τε
710 3068 815 3162 ὁρῷτο
837 3069 896 3139 καί
908 3097 983 3140 τινα
996 3068 1122 3161 τρόπον
1144 3066 1273 3156 ἀμυχάς
1286 3066 1455 3157 ξεσμάτων
1469 3070 1547 3139 ἔπι·

375 3177 567 3272 φερόμενον.
608 3182 741 3251 Sueten
762 3182 884 3250 Domit
906 3189 947 3252 20
972 3181 1147 3263 ,Liberalia
1174 3182 1282 3249 studia
1301 3183 1429 3268 imperii
1449 3182 1545 3247 initio

374 3291 525 3379 neglexit,
546 3312 742 3377 quamquam
762 3291 974 3357 bibliothecas
994 3290 1144 3357 incendio
1166 3292 1353 3378 absumptas
1374 3290 1546 3375 impensis-

374 3399 454 3465 sime
475 3421 623 3485 reparare
644 3403 802 3479 curasset,
823 3397 1059 3484 exemplaribus
1081 3398 1223 3484 undique
1244 3397 1354 3485 petitis
1375 3396 1547 3481 missisque

373 3507 600 3575 Alexandriam
630 3507 686 3593 qui
717 3506 935 3575 describerent
960 3507 1258 3592 emendarentque“.
1309 3504 1547 3583 Describerent,

374 3615 498 3701 opinor,
520 3636 657 3699 quorum
676 3616 870 3703 exemplaria
882 3615 1006 3683 Romae
1027 3614 1168 3681 nancisci
1189 3635 1256 3680 non
1277 3615 1413 3698 poterat,
1435 3633 1547 3705 emen·

375 3724 488 3789 darent
508 3744 646 3808 quorum
666 3746 733 3791 non
755 3723 834 3791 setis
854 3724 949 3791 bona.
986 3722 1081 3803 Quod
1101 3721 1169 3788 illic
1190 3722 1224 3787 in
1246 3720 1376 3789 scholiis
1397 3720 1547 3805 Dionysii

375 3829 496 3896 dictum
517 3831 655 3897 uidimus
676 3829 731 3896 ἳνα
751 3827 799 3920 μὴ
815 3826 1132 3914 καταχαράσσωνται
1146 3826 1189 3893 τά
1203 3822 1322 3912 βιβλία
1335 3829 1422 3894 idem
1435 3825 1548 3895 Ioann.

373 3936 465 4003 Alex.
487 3938 655 4023 pudicit
676 3935 734 4004 διὰ
755 3936 795 4006 τὸ
814 3935 862 4027 μὴ
887 3931 1093 4019 καταστίζειν
1113 3935 1155 4003 τά
1176 3929 1303 4021 βιβλία.
1340 3934 1426 4001 Hinc
1447 3935 1548 4018 expli·

374 4051 466 4113 catur
492 4046 571 4132 quid
597 4048 641 4113 sit
668 4038 801 4131 άστιγὲς
832 4041 966 4130 βιβλίον
993 4047 1080 4133 apud
1105 4045 1217 4132 Steph.
1242 4045 1316 4131 Byr.
1343 4067 1368 4109 s.
1395 4034 1549 4126 Βάβραςε

441 4299 494 4340 ¹⁴⁹·
512 4295 597 4366 (Vide
609 4313 685 4354 nnnc
696 4295 869 4354 bleinelrium
886 4297 924 4351 ad
939 4295 967 4353 h.
985 4295 1014 4361 1,
1031 4295 1081 4366 qni
1097 4295 1226 4351 codicum
1238 4292 1290 4349 RV
1300 4292 1450 4350 lectionem
1463 4285 1545 4348 άστι-

373 4388 425 4453 νεῖ
437 4379 593 4453 praetulit>
