3425 4934
322 331 381 393 150
402 322 436 376 11.
466 321 507 377 De
526 320 705 379 Arietercheo
722 323 925 379 vocabulorum
942 323 1152 381 Homericorum
1168 321 1410 393 interpretatione.

319 492 360 557 ob
392 492 597 557 interfectore
626 491 734 558 solute
761 492 954 558 vocobulum
983 494 1149 578 proprium
1182 515 1252 559 esse
1279 514 1319 559 ex
1346 492 1492 577 pluribus

317 600 397 666 locis
411 604 553 684 apparet
568 637 609 648 —
626 595 731 686 Τιμη
747 593 929 681 ἐπιτίμιον,
946 596 1089 683 τιμωρία
1108 604 1139 664 Γ
1150 606 1221 670 286.
1252 604 1282 664 Ρ
1294 607 1344 670 92.
1359 637 1400 650 -
1414 602 1492 663 Πε-

317 701 449 793 ριωπή
476 700 582 783 τόπος
609 702 646 787 ἐξ
667 694 707 774 οὗ
727 699 933 793 περιόψεταί
952 730 1002 784 τις
1022 699 1133 772 πάντα
1155 705 1235 777 Ξ8.
1258 745 1296 756 -
1322 702 1493 790 Τέμενος

318 810 367 899 (ἐν
393 806 425 879 δ’
453 808 564 880 έτίθει
591 837 619 881 τ.
645 808 850 902 corviferae)
877 810 932 880 ότι
955 811 1014 883 τὸν
1040 808 1311 902 ἀποτετμημένον
1334 808 1441 881 τόπον
1465 838 1492 884 τ.

319 918 409 1007 λέγει
435 925 466 986 Σ
484 929 554 991 550.
594 922 641 990 cf.
668 928 700 985 Z
721 930 789 992 194.
812 959 850 972 -
878 914 1012 1012 Τόφος
1037 921 1076 989 τὸ
1106 922 1242 989 δεῖπνον
1266 920 1304 989 τὸ
1332 919 1410 1006 περὶ
1433 919 1494 1010 τὴν

316 1027 428 1118 ταφὴν
452 1023 627 1115 γινόμενον
658 1030 692 1094 Ψ
710 1037 760 1100 29.
789 1068 827 1080 -
858 1027 1009 1097 Τένιονε
1036 1036 1071 1095 Χ
1092 1037 1154 1102 396
1180 1027 1234 1097 ότι
1262 1033 1317 1095 νῖν
1341 1026 1494 1108 τένοντας

318 1127 393 1203 εἶπε
417 1133 458 1202 τὰ
486 1132 706 1220 διατεταμένα
730 1144 796 1204 τῶν
824 1141 960 1227 σφυρῶν
986 1141 1084 1226 νεῦρα
1110 1132 1256 1206 όπισθεν
1280 1140 1338 1223 τῆς
1358 1130 1492 1225 κνήμης.

321 1249 351 1309 Y
370 1252 431 1315 478
457 1237 489 1332 (ἡ
515 1244 556 1329 d.)
582 1239 636 1310 ότι
663 1238 774 1311 πάντα
798 1243 840 1311 τὰ
868 1243 1032 1330 τεταμένα
1060 1249 1158 1330 νεόρα
1179 1242 1333 1323 τένοντας
1346 1240 1494 1332 Ὅμηρος

318 1348 417 1438 λέγει.
437 1391 479 1402 -
503 1347 672 1440 ΦλέγμοιΙ
698 1357 806 1423 (14337
829 1346 862 1441 (ἡ
881 1353 923 1435 d.)
945 1349 1000 1421 ότι
1018 1351 1080 1441 τὴν
1103 1350 1214 1444 φλόγα
1234 1351 1376 1420 κατὰτὸ
1400 1346 1493 1420 odot-

316 1483 418 1546 τερον.
440 1501 480 1513 -
501 1454 634 1546 Χορός
653 1463 683 1525 Σ
702 1467 763 1531 590
790 1459 848 1528 τὸν
873 1457 979 1528 τόπον
998 1485 1026 1541 χ.
1050 1455 1194 1549 είρηκεν,
1222 1455 1261 1527 οὐ
1285 1459 1323 1528 τὸ
1346 1457 1494 1548 σόοτημα

315 1571 382 1633 τῶν
400 1563 611 1653 χορευόντων.
633 1606 671 1618 -
694 1565 937 1647 Μέσοαυλος
956 1574 986 1635 Ρ
1004 1578 1075 1640 657.
1111 1575 1141 1635 Ρ
1162 1576 1220 1640 112
1242 1564 1274 1657 (ἡ
1301 1568 1419 1656 διπλῆ)
1441 1564 1494 1635 ότι

315 1674 378 1763 τὴν
398 1673 483 1741 κατὰ
507 1670 610 1761 όγρὸν
636 1670 778 1743 ἔπαυλιν
796 1672 998 1761 μέσσαυλον·
1033 1673 1066 1745 οἱ
1090 1674 1127 1744 dd
1144 1672 1290 1744 Ἀττικοὶ
1310 1675 1371 1764 τὴν
1391 1671 1494 1763 μέσην

317 1778 427 1868 θόραν
446 1786 506 1871 τῆς
521 1777 636 1871 αὐλῆς,
659 1783 721 1872 την
742 1781 954 1872 διορίζουσαν
973 1780 1034 1872 τήν
1054 1808 1090 1851 τε
1110 1788 1338 1871 γυναικωνῖτιν
1359 1781 1415 1851 καὶ
1436 1782 1494 1851 τὸν

316 1884 479 1978 ἀνδρῶνα.
497 1931 537 1942 -
559 1888 781 1976 Στόμαχοςι
810 1897 841 1957 Ρ
859 1900 899 1962 47
922 1886 960 1960 οὗ
983 1891 1074 1979 λέγει
1093 1892 1131 1960 τὸ
1154 1887 1261 1977 στόμα
1283 1897 1343 1980 τῆς
1363 1888 1495 1970 κοιλίας

316 1994 476 2085 καθάπερ
493 1995 603 2089 ἡμεῖς,
635 1994 723 2066 ἀλλὰ
743 1998 801 2067 τὸν
821 1995 1033 2086 βρόγχον...
1052 1998 1210 2092 ἐπιφέρει
1232 2003 1310 2086 γοῦν
1332 1994 1491 2085 ,,όντικρό

317 2102 351 2174 δ’
374 2101 524 2177 ἁπαλοῖο
547 2102 591 2175 όί
615 2101 786 2189 αὐχένοςῑί.
816 2144 853 2158 --
867 2103 1014 2199 ’Όφοντ
1045 2114 1085 2175 Λ
1104 2116 1165 2180 630
1193 2105 1247 2176 ότι
1275 2112 1345 2174 πᾶν
1367 2103 1493 2194 προσό-

315 2227 416 2305 ψημα
430 2210 520 2307 όφον
535 2211 568 2283 οἱ
582 2210 727 2304 ἀρχαῖοι.
763 2221 857 2286 1489
872 2211 926 2283 ότι
944 2220 1015 2282 πᾶν
1034 2216 1072 2284 τὸ
1092 2211 1384 2302 προσεοθιόμενον
1405 2210 1494 2305 όψον

316 2319 430 2409 ἔλεγον
444 2319 478 2391 οἱ
496 2318 651 2392 παλαιοί.
673 2364 715 2375 -
728 2320 806 2391 ζΌτι
820 2317 934 2389 πάντα
951 2323 993 2390 τὰ
1007 2321 1091 2412 μέλη
1113 2322 1371 2412 ῥέθηὍμηρος
1391 2346 1494 2409 προσ·

317 2429 484 2518 αγορεόει,
515 2428 548 2499 οἱ
580 2430 617 2498 δέ
642 2426 785 2511 Αἰολεῖς
813 2426 918 2517 μόνον
943 2430 980 2499 τὸ
1010 2426 1196 2516 πρόσωπον
1222 2437 1262 2497 Π
1279 2440 1349 2503 856.
1387 2438 1424 2498 Χ
1443 2441 1492 2504 68.

314 2578 358 2592 -
382 2543 414 2606 Ω
439 2533 547 2627 228ἡ
576 2539 604 2609 ό.
634 2535 688 2606 ότι
716 2535 955 2626 ἐπιθήματα
984 2544 1051 2605 τῶν
1080 2536 1246 2624 κιβαπίων
1270 2539 1313 2606 τὰ
1340 2536 1494 2626 πώματα,

253 2671 298 2723 151
319 2650 584 2735 καταχρηστικῶς
613 2644 650 2712 δέ
678 2646 794 2713 πίθων
818 2646 962 2714 καὶτῶν
987 2641 1125 2731 ὁμοίων.
1148 2684 1189 2698 -
1211 2652 1245 2713 K
1264 2656 1324 2718 257
1346 2643 1366 2736 ἡ
1392 2649 1421 2716 d.
1442 2646 1495 2716 ότι

318 2753 456 2844 κυνέην
476 2759 743 2843 καταχρηστικῶς
755 2753 817 2843 τὴν
831 2751 869 2821 ἐκ
882 2752 1036 2842 ταυρείου
1052 2753 1225 2841 δέρματος.
1246 2794 1286 2806 -
1307 2760 1347 2821 Λ
1361 2764 1401 2827 86
1416 2757 1494 2843 όρῦν

318 2861 459 2932 ἐκάλουν
473 2858 507 2930 οῖ
521 2860 667 2929 παλαιοί
687 2857 758 2929 ἀπὸ
779 2871 837 2930 τοῦ
859 2856 1076 2950 ἀρχαιοτέρου
1097 2868 1167 2931 πᾶν
1189 2860 1333 2948 όένόρον.
1348 2903 1390 2915 -
1408 2870 1439 2929 Φ
1453 2873 1493 2935 36

318 2968 351 3060 (ἡ
376 2972 419 3057 ό.)
448 2967 503 3039 ότι
527 2964 661 3058 όλιοὴν
684 2968 745 3059 τὴν
771 2966 999 3062 όενόροφόρον
1025 2976 1087 3059 γῆν
1113 2976 1168 3037 νῦν
1196 2969 1300 3057 λέγει·
1337 2971 1492 3060 ἐπιφέρει

318 3079 382 3167 γόιρ
403 3074 444 3166 „d
467 3073 499 3146 δ’
521 3075 682 3166 ἐρινεόνίῑ.
699 3119 740 3128 -
764 3083 794 3146 Θ
815 3087 855 3150 66
877 3076 897 3167 ἡ
923 3080 951 3149 ό.
971 3075 1024 3147 ότι
1046 3085 1101 3146 νῦν
1122 3078 1182 3167 τὴν
1199 3078 1265 3163 πρὸ
1286 3076 1493 3167 μεσημβρίας

318 3185 409 3274 ῶραν
434 3181 488 3275 ἠῶ
517 3184 616 3274 λέγει.
638 3226 678 3239 -
700 3193 736 3252 Ν
739 3184 805 3254 dor
829 3191 963 3275 ponitur
988 3212 1048 3274 pro
1075 3183 1193 3255 νεωστί
1222 3191 1346 3259 0538.
1383 3191 1490 3257 1527.

317 3301 363 3363 Μ
381 3302 451 3366 336.
488 3295 559 3364 Nec
580 3297 675 3363 aliter
695 3297 917 3384 accipiendum
939 3301 958 3360 I
977 3302 1048 3366 446.
1094 3298 1141 3366 cf.
1163 3296 1316 3383 Apollon.
1338 3297 1398 3363 len
1420 3303 1490 3367 568.

317 3438 358 3449 -
383 3407 417 3470 Ψ
435 3411 496 3475 485
518 3396 661 3489 ,,όεῖρό
685 3428 740 3469 νυν
766 3397 790 3491 ἢ
810 3399 972 3489 τρίποόος
991 3400 1240 3489 περιόιόμεθα“
1265 3399 1319 3470 ότι
1340 3397 1413 3470 ἀντὶ
1434 3406 1492 3470 τοῦ

318 3505 379 3597 dyo
391 3511 429 3579 τὸ
446 3512 553 3597 όειῖρο.
575 3550 616 3562 -
637 3512 828 3580 Notandum
850 3509 993 3579 οόνεκα
1009 3507 1221 3599 procedente
1237 3515 1267 3576 Ε
1281 3519 1351 3581 266.
1389 3517 1409 3576 I
1421 3520 1492 3583 505.

318 3662 358 3674 -
379 3622 425 3688 Et
445 3616 624 3705 προτέρω
655 3622 694 3688 de
723 3622 796 3687 loco
822 3644 881 3707 pro
908 3615 1102 3707 ἔμπροσθεν
1123 3625 1158 3685 Κ
1176 3628 1244 3691 469.
1271 3612 1493 3685 -Ἔπειτα

317 3752 384 3796 non
404 3733 531 3796 tentum
554 3730 592 3795 de
615 3730 736 3809 ordine,
758 3729 933 3795 sedetiam
956 3732 994 3798 de
1015 3734 1169 3815 tempore,
1191 3726 1274 3811 μετὰ
1295 3730 1409 3794 ταῦτα.
1441 3730 1493 3795 Ad

236 3846 307 3917 (151)
320 3836 546 3904 stabiliendam
568 3840 732 3925 egregiam
755 3838 1001 3923 explicationem
1023 3840 1043 3899 Ι
1064 3844 1122 3906 169
1143 3860 1214 3923 sqq.
1241 3836 1282 3903 V.
1303 3837 1335 3902 ln
1355 3838 1377 3903 l.
1401 3842 1434 3903 et
1453 3841 1493 3901 A

318 3951 367 4014 93.
400 3949 437 4008 Ν
454 3951 524 4014 586.
554 3946 587 4008 Ψ
606 3953 666 4014 551
689 3946 742 4029 (cf.
765 3948 798 4011 Δ
819 3949 902 4030 317).
930 3982 971 3993 -
994 3937 1102 4008 Ἐπεί
1126 3967 1192 4010 non
1214 3948 1341 4011 nutum
1362 3945 1491 4030 „quom

318 4052 375 4119 sed
405 4053 502 4118 etiem
530 4057 750 4139 ,‚postquem“:
782 4054 816 4119 id
843 4054 899 4139 qni
925 4053 1173 4138 comprobarent
1200 4053 1290 4120 locos
1316 4055 1488 4129 notaverat

317 4163 426 4226 motus
454 4161 592 4227 maxime
621 4161 708 4246 quod
737 4161 771 4225 in
800 4160 856 4226 illo
887 4149 926 4237 ός
953 4154 1048 4243 μόλα
1069 4157 1182 4225 πολλὰ
1211 4153 1385 4248 πλάγχθη,
1416 4155 1488 4224 ἐπεὶ

323 4261 445 4355 Τροίης
468 4262 559 4352 ἱερὸν
583 4263 790 4352 πτολίεθρον
815 4262 953 4349 ἔπερσεν
980 4268 1111 4335 fuerunt
1133 4268 1188 4354 qui
1210 4269 1370 4335 censalem
1390 4267 1488 4353 perti·

320 4375 426 4444 culam
446 4376 674 4464 intelligerent
710 4376 748 4444 ld
768 4377 960 4444 extricamus
978 4398 1018 4444 ex
1038 4376 1142 4461 Epion
1163 4376 1261 4446 Hom.
1283 4400 1314 4463 p.
1339 4383 1405 4445 161.
