3425 4934
366 315 423 380 108
449 311 484 367 11.
510 260 554 367 iic
574 311 749 368 Aristarchus
766 312 966 370 vocabulorum
983 312 1191 368 Homericomm
1209 310 1449 381 interpretatione.

363 502 487 546 servare
516 484 683 546 accentum
712 504 816 548 suum.
846 482 1064 548 -Dicamus
1096 481 1197 568 igitur
1223 481 1261 546 de
1288 481 1533 567 significatione.

362 588 451 653 Bene
473 588 677 655 Aristarchus
698 590 880 656 attenderat
900 590 941 655 ad
961 589 1024 656 hoc
1045 611 1148 675 genus
1168 588 1419 672 compositionis,
1441 590 1533 655 cuius

363 695 540 761 certissima
561 701 637 762 sunt
658 697 744 782 apud
765 697 943 764 Homerum
965 696 1119 782 exempla
1158 694 1212 763 Sic
1231 689 1433 779 μετάγγελος
1452 696 1484 764 h.
1507 719 1534 763 ε.

361 802 589 882 internuntius,
616 806 649 868 ap
671 812 737 874 199.
778 807 937 873 014455.
979 805 1025 871 Et
1047 808 1085 870 ut
1108 797 1309 886 μετάγγελος
1334 808 1384 870 est
1409 798 1428 871 ὁ
1448 798 1533 885 μετά

361 928 447 974 τισιν
478 902 629 998 άγγελος,
660 914 705 979 sic
738 905 962 996 ἐπιβουκόλος
993 917 1027 978 et
1058 905 1233 993 ἔπιβώτωρ
1260 904 1279 975 ὑ
1306 903 1483 994 βουκόλος,
1513 902 1531 974 ό

363 1012 479 1103 βώτωρ
505 1010 551 1083 ὢν
572 1014 632 1085 ἐπί
650 1043 764 1106 τινων,
793 1022 925 1087 minime
950 1042 1026 1084 vero
1047 1019 1094 1097 id,
1121 1020 1209 1103 quod
1229 1018 1431 1084 Nitzschium
1453 1018 1534 1084 velle

325 1208 330 1219 Ι
362 1126 455 1191 video
483 1127 535 1207 (ad
564 1128 623 1194 Od.
651 1132 778 1213 7422),
819 1129 1004 1213 pastoribus
1036 1126 1234 1211 praefectum
1266 1126 1437 1213 significat.
1481 1126 1535 1193 Sic

363 1234 468 1300 effecit
498 1236 715 1317 Aristarchus,
750 1240 787 1301 ut
818 1236 916 1302 etiam
947 1227 1127 1323 ὑφηνίοχος
1159 1237 1192 1299 et
1224 1225 1387 1316 ὑποδμώς
1417 1234 1462 1318 (Ζ
1488 1241 1535 1303 19.

364 1341 478 1423 δ386)
509 1347 595 1410 recte
623 1344 828 1430 intelligeret.
874 1341 961 1408 Illud
984 1345 1034 1408 est
1064 1335 1082 1405 ὁ
1114 1335 1181 1406 ὑπό
1206 1363 1273 1405 τινι
1294 1334 1438 1425 ἡνίοχος,
1472 1341 1535 1407 hoc

364 1445 382 1518 δ
415 1447 483 1517 ὑπό
515 1474 581 1516 τινι
618 1448 720 1536 δμώς,
767 1456 806 1516 ut
844 1455 1017 1535 utrumque
1060 1449 1140 1514 nihil
1175 1449 1301 1515 differat
1338 1472 1357 1514 a
1391 1448 1537 1535 simplici,

363 1551 524 1642 ὑποδμώς
556 1583 576 1625 a
605 1554 696 1642 δμώς
723 1582 789 1625 non
818 1559 891 1644 plus
923 1580 1020 1643 quam
1046 1549 1295 1642 ὑποδρηστῆρες
1324 1558 1355 1639 (υ
1383 1561 1453 1625 339.
1496 1557 1535 1624 ci

363 1659 565 1750 ὑποδρώωσι
587 1672 660 1751 333)
686 1691 705 1732 a
727 1665 903 1754 δρηστῆρες
923 1667 963 1746 (π
984 1670 1053 1734 248.
1083 1686 1104 1729 σ
1125 1671 1172 1734 76.
1203 1657 1392 1751 δρήστειραι
1411 1687 1431 1727 τ
1452 1668 1534 1747 345).

363 1776 566 1842 Aristonicus
588 1780 620 1837 Z
640 1782 677 1843 19
699 1768 894 1863 ὑφηνίοχοςε
915 1767 947 1861 (ἡ
971 1771 1085 1859 διπλῆ)
1108 1768 1161 1838 ότι
1182 1767 1344 1855 παρέλκει
1365 1765 1385 1860 ἡ
1407 1765 1536 1857 πρόθε-

364 1905 417 1962 σις
437 1876 483 1961 ὡς
503 1878 538 1947 ἐν
558 1886 606 1968 τῷ
625 1875 891 1961 ,,Ποσειδάωνος
910 1874 1108 1963 ὑποδμώςίί.
1150 1878 1195 1945 Et
1217 1879 1303 1964 quis,
1329 1902 1468 1964 quaeso,
1493 1879 1537 1945 sit

365 1993 417 2059 ille
438 1991 553 2055 ἵππων
566 1984 754 2077 ὑφηνίοχος,
777 2012 987 2074 quamquem
1009 1990 1145 2073 quisque
1159 1988 1341 2073 principum
1355 1989 1390 2052 in
1411 1986 1535 2073 proelio

366 2123 474 2167 secum
488 2100 629 2165 habebat
650 2099 690 2166 ad
712 2098 855 2184 agendos
877 2097 1100 2181 curandosque
1122 2118 1233 2180 equos,
1255 2095 1310 2180 qui
1332 2095 1443 2161 multis
1464 2095 1537 2160 aliis

366 2208 445 2274 locis
467 2200 644 2291 θεράπων,
668 2199 815 2295 ἡνίοχος,
843 2199 975 2292 ἡνίοχος
996 2200 1157 2286 θεράπων
1178 2203 1314 2270 dicitur?
1344 2203 1392 2270 of.
1418 2204 1448 2267 Θ
1470 2210 1537 2271 104.

368 2320 528 2386 1011113.
553 2321 618 2383 119.
659 2316 699 2377 Λ
727 2319 795 2382 341.
821 2319 892 2382 488.
919 2318 987 2380 620.
1027 2314 1072 2375 M
1094 2319 1134 2380 76
1161 2312 1198 2377 cf.
1226 2317 1275 2380 84.
1305 2320 1373 2379 111.
1407 2313 1444 2373 Ν
1466 2315 1537 2379 386.

369 2428 487 2492 0445.
525 2422 571 2488 Et
594 2422 767 2488 vatidicum
795 2421 886 2488 ilium
911 2423 945 2486 et
965 2419 1195 2497 immortalem,
1227 2419 1266 2485 de
1288 2441 1353 2503 quo
1372 2419 1439 2484 filia
1460 2417 1539 2484 dicit

366 2531 404 2618 <d
425 2530 502 2616 384)

447 2649 612 2721 πωλεῖταί
630 2677 683 2733 τις
704 2653 801 2739 δεῦρο
823 2649 928 2739 γέρων
950 2647 1048 2730 άλιος
1068 2648 1229 2738 νημερτὴς

449 2758 621 2840 ἀθάνατος
641 2759 799 2846 Πρωτεὺς
819 2753 1021 2845 Αἰγύπτιος,
1042 2754 1080 2838 ὅς
1099 2782 1135 2824 τε
1156 2753 1332 2845 θαλάσσης

450 2867 559 2958 πάσης
579 2866 706 2954 βένθεα
728 2859 810 2946 οἶδε,
833 2860 1072 2945 Ποσειδάωνος
1092 2861 1261 2950 ὑποδμώς,

368 3022 446 3064 num
470 2998 656 3083 putabimus
679 2995 819 3081 aliquem
839 2994 1000 3060 inferioris
1023 2993 1143 3059 ordinis
1164 2992 1320 3057 famulum
1341 2989 1540 3075 significari?

367 3104 436 3172 Nec
464 3128 515 3172 res
543 3105 666 3191 patitur
690 3127 750 3171 nco
772 3125 875 3169 sermo
898 3102 1065 3167 desiderat.
1101 3098 1121 3162 λ
1142 3106 1202 3169 439
1224 3122 1282 3184 pro
1303 3091 1487 3182 βουλοίμην
1509 3090 1538 3161 κ’

368 3208 555 3296 ἐπάρουρος
576 3208 638 3277 ἐών
659 3207 842 3298 θητευέμεν
863 3203 955 3294 stip
978 3209 1108 3294 quidam
1132 3207 1284 3294 legerunt
1308 3228 1346 3270 κε
1372 3202 1541 3292 πάρουρος

370 3324 410 3404 (v.
426 3321 608 3388 Hemsterh.
626 3321 666 3386 ad
680 3320 754 3386 Luc.
771 3319 843 3384 dial.
858 3321 952 3383 mort.
969 3315 1029 3381 XV
1046 3322 1085 3393 1),
1109 3317 1196 3399 quod
1217 3337 1282 3380 nou
1304 3315 1431 3380 videtur
1451 3336 1540 3379 eom·

287 3428 553 3520 (115)mendabile
575 3451 658 3507 esse,
686 3429 742 3494 sed
763 3449 824 3493 vox
846 3426 887 3492 ad
907 3424 1054 3512 regulam
1075 3424 1169 3490 facta.
1205 3422 1270 3488 Vin
1292 3423 1426 3487 eandem
1447 3444 1540 3507 prae·

368 3537 585 3625 positionem?
621 3529 756 3622 ἀκοίτης
781 3529 1002 3620 παρακοίτης,
1033 3523 1162 3609 ι’ίκοιτις
1187 3523 1398 3614 παράκοιτις.
1444 3529 1541 3596 Gom·

284 3726 286 3729 ¹
368 3645 615 3715 memoravimus
636 3645 729 3712 hacc:
756 3637 914 3726 ἐπίουρος
940 3642 971 3725 (ν
992 3647 1060 3708 405.
1089 3640 1233 3722 039)⁵⁶,
1254 3632 1441 3722 πάρουρος,
1472 3660 1541 3701 πα-

306 3774 353 3825 los
371 3749 527 3841 ρακοίτης
547 3755 631 3837 (ις),
659 3743 884 3835 ἐπιβουκόλος
905 3750 937 3832 (γ
958 3754 1027 3816 412.
1050 3771 1068 3811 υ
1089 3752 1159 3815 235.
1189 3769 1215 3835 φ
1240 3751 1307 3814 199.
1336 3751 1446 3823 1268.
1469 3752 1540 3814 185.

369 3866 451 3948 292),
471 3854 645 3945 ἐπιβώτωρ
667 3862 696 3945 (ν
717 3866 779 3928 222
801 3851 896 3942 άνδρί
918 3852 1022 3940 δέμας
1042 3848 1149 3920 είκυῖα
1171 3849 1248 3938 νέῳ,
1270 3844 1454 3934 ἐπιβώτορι
1474 3845 1541 3938 μή·

438 4131 465 4173 55
481 4129 515 4184 Η.
532 4130 551 4184 l.
568 4130 607 4185 sic
624 4128 706 4184 scribi
727 4126 829 4182 debere
851 4142 908 4180 non
924 4114 988 4191 μετ’
1005 4116 1069 4192 άγγ.
1092 4121 1273 4192 (quamquam
1295 4119 1335 4174 sic
1355 4135 1435 4190 posse
1457 4121 1542 4191 putat

372 4213 461 4283 Eust.)
480 4232 514 4270 ex
531 4215 585 4269 hoc
602 4214 662 4285 ipso
681 4214 794 4280 clarum,
813 4228 847 4265 ex
864 4209 952 4265 altero
971 4206 1162 4265 certissimum

439 4302 464 4342 5⁶
484 4294 645 4371 βουκολίων
666 4292 801 4368 ἐπίουροι
822 4295 888 4364 Cyn.
911 4295 925 4348 I
948 4297 1003 4348 114.
1027 4292 1193 4361 βονκολὶων
1214 4281 1298 4361 οὖροι
1321 4294 1380 4348 375.
1401 4320 1436 4331 -
1455 4281 1542 4353 κόνες

372 4376 529 4455 προβάτων
545 4375 722 4454 δπιφόλακες
739 4380 824 4437 dubia
841 4379 926 4435 lectio
943 4377 1020 4448 apud
1038 4376 1164 4445 Longum
1181 4374 1195 4429 Ι
1213 4380 1254 4432 11.
