3425 4934
400 304 461 367 240
582 298 630 357 Ill.
652 298 693 354 De
710 296 864 353 Aristarchi
882 296 999 354 scientia
1014 295 1192 367 antiquitatis
1209 295 1379 351 Homericae.

335 474 384 527 ila
401 468 444 533 tis
474 489 667 552 quamquam
694 466 781 533 haud
813 467 924 533 multis
949 467 1026 533 satis
1052 469 1161 531 tamen
1186 464 1367 550 intelligere
1391 463 1481 541 licet,
1505 482 1566 525 nec

398 575 463 640 iani
490 596 571 661 opus
605 576 666 640 erit
694 580 732 640 ut
757 575 933 660 quidquam
963 573 1250 641 commendationis
1281 594 1377 638 causa
1401 570 1565 636 addamus.

335 696 386 747 144
401 682 547 749 Eandem
567 683 651 748 viam
672 682 837 768 ingressus
859 687 944 749 esset
961 682 1201 761 Eratosthenes,
1221 681 1283 746 nisi
1303 680 1356 745 hic
1374 680 1409 744 in
1429 697 1567 763 geogra-

398 790 502 876 phicis
525 790 734 857 substitisset:
762 790 1014 877 chorographica
1035 813 1101 857 non
1118 793 1304 874 persecutus
1319 791 1376 854 est.
1419 785 1491 851 Hoc
1510 806 1568 850 eur

400 899 526 964 credere
552 920 682 964 necesse
710 898 766 977 sit,
795 899 881 964 infra
906 920 1115 984 exponemus,
1146 897 1202 962 ubi
1228 898 1266 962 de
1292 895 1379 962 Ulixi
1406 894 1567 961 erroribus

398 1005 496 1071 verba
516 1005 679 1072 faciemus.
721 1007 773 1073 Ab
794 1006 982 1072 Aristarcho
1007 1006 1207 1090 aliquantum
1228 1003 1364 1088 profecit
1383 1002 1567 1068 Demetrius

400 1112 558 1198 Scepsius,
580 1115 688 1180 omnia
702 1114 931 1199 Apollodorus,
952 1118 986 1180 et
1005 1114 1046 1180 ab
1068 1114 1130 1179 hoc
1150 1116 1288 1198 utroque
1302 1110 1396 1175 fluxit
1411 1109 1567 1195 quidquid

398 1221 433 1286 in
454 1222 504 1287 his
525 1222 620 1288 rebus
641 1222 759 1289 Strabo
781 1222 888 1288 sobrie
909 1227 943 1288 et
962 1244 1040 1289 sano
1060 1222 1179 1287 iudicio
1201 1224 1239 1285 ut
1259 1218 1442 1285 satisfacere
1463 1217 1567 1301 possit

401 1329 583 1414 disputavit
618 1329 653 1397 Si
680 1331 752 1416 quis
779 1331 818 1395 de
841 1330 1009 1397 Strabonis
1033 1330 1179 1396 fontibus
1202 1327 1368 1412 disputaris
1389 1326 1435 1391 ita
1456 1323 1567 1390 scribit

399 1440 436 1501 ut
461 1437 595 1503 intentis
625 1437 725 1502 oculis
752 1437 931 1523 speculanti
956 1437 1055 1505 semel
1080 1437 1131 1503 vel
1156 1437 1206 1502 bis
1231 1434 1424 1521 Apollodori
1449 1454 1567 1498 nomen

401 1549 554 1625 occurrat,
574 1545 602 1609 is
616 1544 755 1611 multum
768 1546 862 1613 abest
874 1550 911 1611 ut
924 1545 1011 1612 hunc
1024 1544 1132 1611 locum
1147 1543 1329 1610 exhauserit
1340 1542 1392 1607 ¹⁵².
1413 1540 1477 1626 (cf.
1490 1539 1567 1605 Ben.

400 1743 485 1798 Filius
503 1743 591 1798 Ulixis
619 1744 780 1815 Τηλέγονος
800 1748 830 1801 et
856 1744 1023 1816 Τηλέδαμος
1042 1743 1120 1802 Eust.
1141 1749 1217 1799 1796:
1240 1742 1316 1812 quod
1337 1760 1394 1797 non
1414 1741 1497 1796 rideo
1518 1754 1568 1793 cur

400 1828 482 1885 aliter
502 1828 624 1901 accipiat
644 1828 765 1884 Mdtnell.
787 1829 851 1888 Hes.
873 1849 900 1902 p.
925 1835 980 1886 178.
1019 1828 1201 1899 Eurygoncac
1227 1831 1309 1898 pater
1330 1827 1464 1898 Περίφας
1489 1822 1565 1895 apud

401 1912 601 1982 Pherecydem,
623 1913 708 1970 schol
729 1913 834 1972 Phoen.
852 1919 898 1979 δδ,
918 1908 1061 1986 Ὑπέρφας
1081 1913 1211 1984 Apollod.
1233 1913 1276 1967 Ill
1294 1919 1322 1973 b,
1340 1917 1364 1968 8.
1393 1910 1512 1965 Pausan.
1528 1907 1567 1961 IX

397 2004 420 2062 5,
440 2003 479 2054 11.
508 1999 584 2054 Inter
600 1997 670 2053 filios
688 1998 868 2055 Athamantis
885 2002 915 2053 et
930 1997 1117 2054 Themistonis
1135 2002 1176 2053 est
1193 1989 1354 2067 Ἑράδριος,
1370 1995 1503 2051 Herodor.
1521 2009 1567 2061 ap,

396 2082 482 2140 schol.
499 2084 628 2154 Apollon
646 2083 673 2138 Il
693 2089 766 2141 1144.
799 2083 929 2158 Apollod
947 2085 1002 2151 19,
1019 2088 1048 2139 λε
1066 2083 1113 2153 qui
1131 2083 1208 2138 idem
1225 2085 1268 2137 est
1284 2081 1361 2153 apud
1376 2081 1510 2136 Nonnum
1527 2076 1568 2133 lx

397 2172 445 2223 311
468 2167 656 2239 Πορφυρίων.
698 2169 785 2225 Heros
806 2168 928 2234 Atticus,
957 2168 1002 2224 cui
1023 2169 1153 2224 funebres
1173 2167 1234 2223 ludi
1257 2166 1485 2229 celebrabantur,
1507 2166 1569 2219 erat

397 2244 557 2323 Εὐρυγάης,
578 2270 661 2322 quem
684 2253 799 2309 luserunt
817 2255 866 2323 qui
884 2254 1004 2310 eundem
1021 2257 1156 2324 putarent
1173 2270 1236 2307 cum
1253 2252 1415 2321 Androgeo,
1432 2254 1464 2304 ut
1480 2249 1568 2317 Hesy-

398 2334 476 2391 chius
496 2336 582 2392 refert
598 2355 618 2396 s.
637 2330 683 2394 ἐπ’
698 2332 839 2410 Εὐρυγάη.
875 2338 1110 2395 Commemoravit
1131 2339 1185 2393 hoc
1207 2337 1255 2391 ubi
1279 2338 1314 2393 de
1331 2336 1384 2391 hoc
1401 2336 1568 2405 argumento

397 2420 541 2476 nominum
566 2421 719 2493 duplicium
739 2423 849 2480 locutus
871 2428 914 2480 est
936 2424 1124 2479 Buttmannus
1141 2422 1257 2493 Mythol.
1279 2424 1411 2493 le.13.
1445 2419 1568 2474 Comme-

398 2508 489 2559 morat
500 2505 604 2561 ibidem
616 2507 687 2563 illud
700 2508 820 2564 alterum
831 2509 1050 2579 Hesychianum:
1067 2501 1213 2580 Ἀριδηλον
1229 2511 1282 2578 τὴν
1291 2500 1437 2579 Ἀριάδνην
1445 2505 1569 2574 Κρῆτες.

398 2588 479 2656 Quod
495 2590 596 2646 mirum
613 2591 701 2651 videri
724 2594 808 2650 debet
829 2594 1040 2650 recordantibus
1056 2585 1201 2664 Ἀριάδνην
1217 2608 1275 2648 esse
1291 2583 1455 2663 Ἀριάγνηνι
1477 2582 1570 2645 &0⁹5⁹

397 2678 493 2730 autem
508 2678 580 2731 teste
591 2676 730 2746 Hesychio
748 2696 799 2749 pro
816 2675 909 2748 ἁγνδν
920 2678 1020 2734 dixisse
1030 2678 1138 2735 Cretes:
1158 2694 1215 2749 qua
1226 2678 1261 2733 de
1272 2674 1425 2746 reegregia
1435 2671 1569 2728 Meinekii

397 2763 465 2815 uota
486 2762 529 2816 est
550 2760 587 2815 ad
609 2760 725 2818 'l'heocn
748 2762 788 2818 IV
807 2769 846 2819 17.
887 2763 917 2819 Si
937 2763 1025 2833 igitur
1050 2763 1142 2833 ipsum
1163 2779 1266 2819 nomen
1282 2754 1415 2832 Ἀριάδνη
1436 2758 1467 2813 in
1484 2757 1569 2813 Creta

397 2847 490 2899 ortum
501 2845 646 2915 probabile
658 2846 776 2914 videtur,
788 2847 910 2919 suspicio
922 2847 989 2903 oriri
1000 2850 1102 2918 potest,
1117 2864 1189 2917 quae
1203 2847 1233 2902 in
1247 2846 1343 2901 fabula
1354 2846 1426 2901 esset
1436 2842 1569 2909 Ariadne,

397 2929 516 2986 eandem
545 2934 578 2985 ut
599 2931 681 2986 deam
702 2930 748 2987 vel
772 2931 918 2989 heroinam
943 2936 1053 2989 mutata
1078 2932 1198 2989 nominis
1218 2932 1308 2988 forma
1328 2930 1359 2986 in
1381 2929 1459 2984 cultu
1482 2927 1568 2983 fuisse

395 3004 552 3084 Ἀριδιίλαν.
582 3013 621 3070 Et
641 3016 677 3071 de
700 3015 783 3071 simili
806 3034 889 3073 causa
911 3017 940 3072 in
961 3016 1092 3088 Eurygye
1113 3017 1237 3088 cogitare
1258 3015 1363 3072 licebit.
1398 3015 1430 3068 In
1453 3011 1568 3067 Hesiodi

396 3114 478 3153 versu
495 3098 531 3153 ab
549 3099 689 3168 Hesychio
706 3100 792 3156 allato
812 3100 963 3172 Εὐρυγύης
979 3094 1009 3158 δ’
1026 3099 1184 3173 ἐπίκουρος
1201 3094 1348 3171 Ἀθηνάων
1364 3090 1473 3168 ίεράοιν
1490 3098 1567 3169 (nam

396 3182 469 3238 hanc
492 3183 716 3240 emendationem
739 3203 790 3256 pro
813 3181 857 3242 ἔτι
873 3191 982 3259 κοῦρος
1002 3190 1035 3243 nt
1051 3187 1214 3242 facillimam
1230 3183 1388 3254 sequemur)
1410 3182 1569 3253 ἐπίκουρος

397 3283 454 3321 non
470 3266 647 3338 intelligatur
664 3269 699 3325 de
716 3286 757 3334 eo,
776 3269 825 3339 qui
841 3270 922 3326 vivus
938 3270 993 3326 illis
1010 3271 1040 3326 in
1057 3271 1131 3327 bello
1149 3271 1238 3327 socius
1256 3270 1316 3335 suit,
1334 3269 1385 3325 sed
1401 3267 1436 3322 dc
1454 3282 1500 3334 eo,
1517 3262 1569 3334 qni

397 3368 505 3416 01148114,
526 3351 628 3408 deinde
648 3353 728 3410 iustis
745 3353 952 3425 expiationibus
974 3356 1103 3427 placatus
1122 3373 1196 3411 nunc
1217 3354 1349 3411 heresiis
1366 3352 1455 3408 socius
1473 3355 1567 3420 etpa-

332 3440 380 3490 244
398 3439 495 3492 tronus
513 3453 571 3493 esse
588 3441 715 3509 putatur:
743 3442 772 3494 et
789 3439 903 3508 quidem
920 3443 996 3496 tecto
1014 3441 1125 3496 nomine
1142 3438 1286 3509 Eurygyes
1303 3455 1354 3509 pro
1371 3437 1519 3506 Androgeo
1536 3435 1568 3490 in

398 3520 475 3577 cultu
493 3521 591 3579 dictus.
631 3521 694 3578 Non
716 3522 782 3578 satis
803 3527 900 3594 aperte
928 3524 962 3579 de
980 3524 1122 3595 Androgei
1144 3524 1222 3579 cultu
1243 3522 1368 3592 loquitur
1384 3520 1568 3576 Pausaniasl

398 3611 421 3670 1,
433 3611 449 3660 4
463 3602 526 3662 ἔστι
538 3606 632 3663 δὲκαὶ
644 3598 803 3678 Ἀνδρόγεω
814 3602 916 3679 βωμός
926 3613 980 3664 τοῦ
989 3611 1086 3664 Μίνω·
1100 3611 1232 3665 καλεῖται
1244 3606 1277 3663 a
1289 3598 1389 3678 ἥρωος.
1406 3598 1568 3676 Ἀνδρόγεω

397 3688 430 3746 δὲ
454 3684 526 3748 ὄντα
551 3687 649 3748 ἴσασιν
670 3684 715 3755 οἶς
737 3687 819 3748 ἐστιν
840 3690 976 3760 ἐπιμελὲς
992 3687 1029 3749 τά
1045 3686 1174 3765 ἐγχώρια
1192 3691 1378 3764 σαφέστερον
1393 3695 1455 3748 τῶν
1470 3685 1569 3747 ἄλλον

396 3771 584 3833 ἐπίστασθαι.
613 3776 659 3830 An
675 3774 786 3846 scripsit
806 3777 939 3832 καλεῖται
962 3773 995 3832 δέ
1012 3775 1184 3848 Εδρυγύουί
1200 3807 1235 3817 -
1251 3776 1375 3832 Heroum
1396 3779 1426 3832 et
1441 3774 1569 3831 heroina·

397 3878 460 3915 rum
480 3859 614 3917 terminos
635 3877 778 3916 excannio
800 3876 866 3916 mox
888 3862 1034 3916 occurrent
1051 3860 1206 3932 Harpyiae,
1228 3862 1263 3917 de
1281 3861 1382 3932 quibus
1398 3858 1568 3917 admonendi

398 3962 482 4000 causa
499 3944 641 4017 (estasim
653 3944 743 4000 maior
754 3962 840 4014 quam
858 3961 891 4001 eo
909 3945 971 4002 loco
988 3945 1101 4001 videtur
1116 3946 1228 4002 illarum
1244 3946 1275 4002 in
1291 3946 1451 4002 nominihus
1460 3945 1569 4003 variata

397 4029 563 4100 aequalitas)
580 4048 684 4102 ponam
693 4031 763 4087 haec
781 4047 816 4085 ex
828 4029 998 4101 Apollodoro
1015 4035 1111 4087 nostro
1128 4032 1176 4095 lo,
1191 4037 1220 4087 21
1241 4024 1349 4101 ταύτην
1366 4029 1395 4087 cl
1410 4029 1466 4100 μέν
1477 4033 1569 4086 Νικο-

398 4108 488 4185 δάην,
505 4113 535 4172 ol
551 4114 584 4172 dt
602 4107 774 4174 Ἀελλόπουν
793 4118 942 4171 καλοῦσιν.
974 4114 1042 4187 aa
1060 4113 1148 4185 ἑτέρα
1171 4116 1335 4186 καλουμένη
1351 4107 1506 4185 Ὠκυπέτη,
1529 4104 1569 4178 oe‘c

397 4197 431 4256 dt
448 4193 523 4257 ἔνιοι
539 4191 675 4269 Ὠκυθόη,
690 4199 826 4263 Ἡσίοδος
842 4197 876 4255 δὲ
893 4199 972 4270 λέγει
990 4197 1080 4271 αὐτὴν
1095 4192 1265 4269 Ὠκυπόδην.

465 4283 504 4327 1⁶2
520 4281 584 4339 Nori
594 4282 675 4355 potui
685 4282 858 4340 mentionem
875 4283 968 4340 facem
984 4283 1016 4341 in
1031 4284 1085 4341 hac
1103 4283 1293 4355 disputatione
1306 4283 1470 4340 Polemonia
1496 4281 1569 4338 Nam

399 4366 430 4422 in
452 4371 623 4440 περιηγήσει
644 4360 728 4425 ’ίλίου
750 4367 850 4442 (Suid.)
876 4386 915 4426 aii
936 4369 971 4429 ds
986 4368 1137 4426 Homerica
1157 4371 1251 4426 aetate
1272 4369 1399 4440 pluribus
1421 4368 1523 4425 dixerit
1540 4372 1571 4424 et
