3425 4934
657 337 680 390 2.
704 331 903 403 Mythologioa.
1306 340 1364 402 175

194 497 290 577 Quod
314 498 434 585 legitur
463 502 496 562 T
517 506 572 576 45,
610 493 642 587 (ἡ
671 499 790 589 διπλῆ)
820 495 875 567 ὅτι
899 501 960 587 τῆς
984 493 1053 565 ὑπὸ
1076 490 1184 565 Ἴλιον
1209 501 1366 586 στρατιᾶς

191 600 306 694 ἡγεῖτο
324 599 525 687 ὁἈχιλλεὺς
538 604 596 673 καί
615 605 683 689 πρὸ
703 612 762 675 τοῦ
782 610 934 696 μηνῖσαι·
956 604 1013 674 διὸ
1030 609 1088 673 νῦν
1108 599 1213 671 πόλιν
1233 599 1366 674 οίπσιια·

194 707 394 801 θίοταταιή
417 705 591 802 ἡγεμονία,
612 737 671 782 neo
694 718 772 784 satis
793 716 943 804 intelligo
966 738 1026 783 nec
1047 737 1184 802 quorsus
1205 716 1366 802 pertineat

194 823 273 889 soio:
300 822 357 889 sed
381 822 508 888 videtur
528 824 687 907 portinere
715 826 757 891 ad
775 829 815 890 A
836 832 891 904 54,
920 825 976 891 nbi
1006 824 1212 911 physicorum
1240 824 1366 890 somnia

195 929 394 1015 explodenda
415 935 516 996 erant.
557 929 603 997 cl
625 929 690 997 soh.
712 930 765 996 BL
792 933 833 998 ad
853 935 893 996 A
914 940 969 1013 54,
994 932 1051 999 ubi
1077 931 1165 1017 quod
1186 930 1264 996 olim
1285 930 1366 998 mihi

195 1037 365 1104 offensioni
391 1041 461 1105 erat
482 1039 544 1126 τῆς
567 1032 741 1125 ὑπαίθρου
767 1041 923 1124 στρατιᾶς
948 1040 1042 1106 docto
1062 1039 1235 1105 vindicavit
1255 1037 1366 1105 Fried-

194 1145 365 1212 laendsrns
391 1147 432 1213 ad
453 1147 672 1214 Aristonicum
697 1151 729 1210 T
747 1154 796 1215 45.
819 1183 861 1195 —
881 1146 990 1231 (Quod
1016 1148 1136 1234 legitur
1163 1151 1200 1212 X
1221 1152 1279 1216 188
1300 1168 1367 1213 non

195 1258 276 1339 puto
297 1254 477 1320 Aristarchi
499 1258 590 1338 osso.)

650 1507 805 1574 Actoris
826 1505 912 1571 filii.
1378 1503 1452 1573 (ua)

278 1659 318 1719 A
343 1662 403 1726 750
434 1650 493 1722 καί
521 1650 558 1723 νύ
589 1679 645 1723 κεν
667 1649 867 1743 Ἀκτορίωνε
896 1649 1049 1723 Μολίονε
1077 1648 1176 1722 παῖδ’
1209 1646 1368 1736 ἀλάπαξα

198 1766 270 1830 oet:
296 1759 329 1849 (ἡ
354 1762 472 1850 διπλῆ)
495 1759 548 1830 ότι
569 1760 725 1831 ίντεῦθεν
741 1758 904 1841 Ἡσίοδος
915 1755 1080 1851 ’Ἀκτορος
1099 1755 1170 1830 κατ’
1194 1758 1368 1852 ἐπίκλησιν

197 1867 256 1936 καί
285 1864 462 1958 Μολιόνης
492 1863 612 1951 αὐτοὺς
640 1866 927 1958 μεγενεαλόμηκεν,
962 1866 1049 1958 γόνῳ
1081 1869 1120 1936 δὲ
1146 1872 1367 1950 Ποσειδῶνος.

197 1969 364 2044 οὐδέποτε
388 1974 427 2044 δὲ
439 1974 593 2067 ’Όμηρος
621 1971 693 2045 ἀπὸ
720 1977 845 2068 μητρός
871 1974 1073 2067 σχηματίζει.
1112 1986 1173 2052 709
1192 1974 1226 2068 (ἡ
1250 1979 1369 2067 διπλῇ)

198 2078 253 2151 ότι
278 2077 349 2154 ἀπὸ
373 2084 497 2174 μητρὸς
511 2082 662 2175 Ὅμηρος
683 2080 721 2154 οὐ
744 2080 948 2175 σχηματίζει·
973 2079 1096 2175 μήποτ’
1122 2078 1181 2154 οὖν
1201 2081 1273 2154 οίπδ
1294 2090 1370 2177 <roi

199 2194 270 2260 add.
296 2193 441 2281 Bethor>
465 2188 586 2283 ταύτης
609 2193 738 2281 πατρὸς
762 2190 886 2262 Μόλου
915 2189 1021 2274 οίίτιος
1053 2187 1175 2275 αὐτοὺς
1201 2185 1304 2266 εἶπεν.
1330 2235 1371 2247 -

204 2303 237 2364 Ψ
253 2306 315 2372 038
333 2295 547 2388 Ἀρίσταρχος
567 2299 605 2369 δὲ
626 2296 786 2385 διδύμους
811 2294 928 2370 σἰκοόει
949 2296 1009 2385 οὐχ
1029 2298 1133 2383 οίίτιος
1153 2297 1199 2383 ὥς
1218 2297 1316 2392 ἡμεῖς
1335 2301 1371 2370 δν

199 2411 240 2499 τῇ
260 2405 423 2502 συνηθείᾳ
444 2414 594 2496 νοοῦμεν,
617 2399 688 2479 οἷοι
707 2402 795 2498 ἦσαν
814 2407 874 2478 καί
894 2404 927 2477 οί
946 2404 1162 2497 Διόσκουροι,
1186 2405 1274 2479 ἀλλὰ
1293 2411 1372 2492 τοὺς

202 2516 346 2604 διφυεῖς,
377 2513 438 2586 δύο
456 2513 590 2601 ἔχοντας
609 2514 763 2603 σώματα,
782 2511 933 2607 Ἡσιόδῳ
953 2512 1095 2605 μάρτυρι
1114 2514 1291 2608 χριόμενος,
1314 2518 1372 2588 καί

200 2623 279 2704 τοὺς
299 2622 558 2717 συμπεφυκότες
579 2620 755 2716 ἀλλήλοις·
773 2622 878 2704 οότως
896 2624 959 2714 γὰρ
981 2625 1096 2696 καὶτὸ
1119 2622 1296 2714 λεγόμενον
1318 2622 1370 2694 ἐπ’

202 2726 311 2799 αὐτοῖν
339 2729 587 2824 σαφηνίζεσθαι
614 2727 748 2820 ίίριοτα·
777 2727 982 2813 ἀναστάντος
1007 2733 1070 2821 γὰρ
1097 2734 1138 2824 δὴ
1161 2740 1223 2803 τοῦ
1244 2734 1372 2802 Νόστο-

201 2843 323 2923 ροςίθθ.
356 2849 397 2909 Λ
411 2850 470 2913 751
487 2837 520 2932 (ἡ
540 2841 660 2930 διπλῇ)
679 2840 767 2928 πρὸς
786 2842 828 2908 τὰ
849 2840 1007 2929 περὶτῆς
1028 2838 1159 2932 φόσειος
1178 2838 1371 2911 τοίνἌιιτο-
1390 2853 1437 2904 177

129 3007 133 3016 ,
202 2972 261 3032 ρος
279 2946 428 3029 παίδων,
451 2944 594 3036 πότερον
612 2946 677 3036 μία
698 2945 898 3038 ἆμφοτίρων
920 2946 1071 3039 συμφυίοι
1091 2942 1116 3038 ἢ
1136 2945 1291 3037 ἑκάτερος
1310 2954 1373 3035 (in-

203 3057 291 3142 spice
311 3059 373 3124 AD
395 3061 437 3127 ad
457 3082 486 3127 v.
508 3061 582 3145 709)
604 3051 712 3126 adcor
733 3057 860 3149 διφυὴς
878 3048 929 3145 ἦν.
1381 3041 1389 3056 ’

708 3331 867 3396 Aeneas.

288 3482 397 3550 lass
423 3475 458 3569 (ἡ
485 3479 605 3567 διπλῆ)
635 3475 687 3548 ὅτι
717 3474 861 3559 Αἰνείας
891 3471 929 3544 οὗ
956 3474 1143 3570 συνεμροίφη
1176 3481 1238 3564 (vel
1264 3483 1374 3569 potius

205 3585 522 3677 συνεπεγρόφηίθθ·,
546 3613 575 3657 v.
599 3587 894 3674 Friedlaonderum)
920 3589 967 3673 τῷ
987 3588 1054 3651 τῶν
1079 3588 1281 3672 Πριαμιδῶν
1307 3613 1375 3658 πο·

206 3692 312 3783 λίμφ·
334 3697 390 3766 διὸ
404 3696 461 3764 καί
475 3693 494 3766 ὃ
509 3692 666 3784 Πρίαμος
678 3689 872 3763 ὑπώπτευεν
896 3686 1006 3774 αὐτόν,
1031 3686 1090 3776 οὐχ
1107 3689 1153 3775 ὡς
1166 3688 1252 3763 ἔνιοί
1273 3717 1376 3786 φασιν

206 3798 259 3868 ότι
280 3799 459 3872 ἐπετίθετο
479 3807 520 3896 τῇ
540 3800 706 3893 βασιλεία.

272 3991 311 4032 ¹⁰⁸
342 3991 403 4047 Ηοε
422 3989 520 4046 aodom
536 3987 620 4044 modo
637 3986 742 4058 aooipit
752 3987 902 4044 θεευτεταε
921 4004 966 4058 ap.
983 3986 1020 4042 ad
1030 3986 1182 4047 Hernsann.
1199 3993 1290 4061 ρ.100
1307 3989 1377 4047 haee

205 4076 323 4133 addam:
348 4073 435 4145 „om
453 4090 537 4145 sogor
553 4072 604 4129 der
619 4072 774 4129 ndohterna
794 4072 971 4128 Aristarchus
988 4072 1018 4127 in
1035 4072 1100 4129 dam
1117 4072 1318 4130 llomsrisohsn
1335 4077 1378 4130 δί-

204 4165 292 4231 δυμοι
310 4162 380 4216 statt
401 4159 451 4215 des
471 4158 614 4229 sonatigsn
631 4150 789 4227 διδυμάονε
810 4156 894 4213 einen
911 4156 1077 4228 Doppolloih
1099 4173 1154 4213 von
1170 4158 1238 4214 nusi
1258 4158 1377 4230 Kopion,

204 4246 267 4303 sior
283 4245 389 4300 Αηοου
405 4260 433 4300 u.
451 4261 471 4299 s
488 4261 522 4302 w.
540 4244 670 4308 arkannt
689 4283 695 4297 .
716 4282 723 4297 .
741 4282 748 4297 .
765 4240 860 4297 sollte
877 4240 972 4298 niohts
989 4240 1197 4312 vamchlagen.“
1232 4241 1317 4299 Raeto
1335 4243 1379 4299 vir

206 4331 356 4404 ponpioax
372 4328 564 4384 Aristarchum
581 4326 653 4382 dixit
667 4356 703 4369 —-
719 4325 850 4382 sobrium.

271 4418 332 4461 ¹⁰⁸⁸
348 4412 409 4485 <Sis
427 4412 514 4469 stiam
531 4412 591 4473 ood.
608 4413 634 4467 A
650 4413 723 4468 tosto
741 4408 908 4482 Diodorou>
