3425 4934
515 344 538 395 2.
562 339 603 395 De
621 338 816 395 constituenda
831 339 961 395 lectione.
1258 346 1319 409 363

233 510 256 590 β
297 514 336 576 61
1033 496 1134 594 dact
1154 500 1270 572 ἔπειτα
1337 519 1386 571 369

358 609 534 698 λευγαλέοι
554 607 581 677 τ’
604 609 776 697 ἐσόμεσθα
798 612 854 679 καὶ
877 606 915 680 οὗ
938 608 1136 701 δεδαηκότες
1159 606 1275 701 ἀλκήν.

233 744 250 786 ε
280 727 338 790 182
360 711 383 807 ἦ
405 718 445 809 δὴ
471 713 603 807 ἀλιτρός
623 715 650 807 γ’
676 719 746 788 δυσί
767 719 825 787 καὶ
846 715 907 789 οὐκ
929 714 1116 811 ἀποφώλια
1136 716 1242 801 εἶδός.

232 832 256 911 β
275 834 344 897 231.
378 837 432 899 ⁸9
452 828 551 918 μήτις
571 825 620 896 ἔτι
642 825 804 920 πρόφρων
826 822 950 915 ἀγανὸς
966 828 1024 896 καί
1042 823 1148 920 ἤπιος
1168 825 1250 898 ἔστω

359 940 564 1025 σκηπτοῦχος
584 937 750 1021 βασιλεύς,
773 935 859 1026 μηδὲ
880 935 996 1027 φρεσίν
1018 931 1138 1020 αίίτιμα
1160 932 1267 1016 είδιός.

151 1046 276 1124 Quibus
305 1046 339 1109 in
366 1046 519 1132 exemplis
545 1068 612 1112 non
634 1047 867 1134 negligendum
889 1051 950 1127 est,
976 1048 1115 1133 primum
1136 1048 1323 1114 adiunctum

151 1177 221 1221 case
240 1154 338 1219 verbo
360 1154 566 1234 adiectivum‚
588 1158 660 1221 tum
681 1155 830 1221 accedere
851 1155 1065 1241 participium.
1104 1154 1167 1233 Qui
1190 1156 1322 1222 omnino

151 1262 431 1347 frequentissimus
466 1262 716 1347 periphrasticaa
752 1262 990 1349 coniugationis
1030 1263 1116 1347 apud
1151 1263 1322 1350 scriptores

153 1370 291 1436 Graecos
310 1374 459 1436 nauseat
494 1368 571 1435 Non
592 1371 766 1436 concedam
783 1369 825 1435 ad
843 1370 1044 1455 periphrasin
1065 1370 1226 1456 pertinere
1247 1371 1322 1439 hoc:

152 1482 186 1542 K
206 1485 266 1546 σιτ
289 1469 355 1541 εἴπ’
379 1467 439 1561 ἄμ
459 1514 501 1526 -

233 1579 353 1661 ὅππως
372 1576 485 1651 τούσδ’
509 1583 635 1662 ἵππους
656 1576 798 1667 λάβετον
819 1577 1017 1663 καταδύντες
1037 1582 1158 1668 ὅμιλον

236 1685 374 1774 Τρώωνς
396 1684 420 1780 ἥ
439 1716 490 1770 τις
510 1714 604 1781 σφωε
624 1684 727 1777 πόρεν
747 1689 832 1770 θεὸς
851 1686 1094 1780 ‹tardatione-3

234 1791 334 1876 αίνιῦς
356 1791 542 1864 ἀκτίνεσσιν
563 1795 712 1879 ἐοικότες
730 1794 872 1890 ἠελίοιο.

151 1907 258 1974 Facile
273 1908 437 1988 sentimus,
458 1908 522 1974 vim
537 1910 716 1975 sententiae
737 1910 869 1976 interire
890 1912 987 1994 atque
1009 1933 1029 1974 a
1048 1913 1164 1995 poetae
1187 1909 1323 1974 consilio

152 2016 292 2083 aberrari
318 2015 346 2081 ai
372 2016 444 2101 quia
472 2015 525 2081 hic
555 2008 621 2081 εἶσί
642 2016 799 2103 suppleat
841 2017 1041 2083 Admirantis
1063 2016 1253 2083 exclamatio
1274 2020 1324 2081 est

151 2124 192 2189 ab
207 2125 388 2190 accusativo
404 2116 567 2205 ἐοικότας,
589 2125 645 2209 qni
659 2125 770 2191 sedate
787 2125 977 2210 loquentem
992 2125 1135 2203 decebat,
1157 2125 1198 2191 ad
1219 2122 1324 2189 nomi·

151 2232 296 2298 nativum
315 2232 455 2317 abrepti:
477 2232 523 2298 aio
544 2235 582 2297 nt
602 2234 638 2297 K
656 2236 717 2300 437

235 2334 270 2403 dr
291 2335 330 2403 δέ
349 2358 432 2427 σφιν
447 2330 568 2425 Ῥῆσος
587 2334 753 2423 βασιλεύς,
778 2341 861 2419 παῖς
878 2333 1050 2427 Ἠϊονῆος,

234 2448 295 2513 τοῦ
317 2443 357 2532 δὴ
382 2441 579 2525 καλλίπαις
599 2446 726 2525 ἵππους
745 2441 822 2515 ίδον
843 2441 906 2536 ἠδὲ
925 2443 1112 2532 μεγίστους·

236 2547 425 2635 λευκότεροι
444 2547 566 2634 χιόνος,
590 2550 700 2621 θείειν
720 2549 752 2621 δ’
777 2549 952 2639 ἀνέμοισιν
974 2550 1097 2639 ὁμοῖοι.

154 2664 208 2730 Sic
229 2667 341 2750 parata
362 2662 511 2729 videntur
532 2685 614 2748 qnae
636 2664 697 2731 dici
719 2670 858 2751 possunt
880 2665 918 2731 de
939 2665 1109 2731 hocloco:
1130 2662 1149 2728 λ
1170 2671 1230 2733 605

237 2763 327 2859 ἀμφὶ
349 2765 387 2835 δέ
406 2793 467 2853 μιν
487 2767 614 2858 κλαγγὴ
636 2765 760 2838 νεκόων
781 2762 823 2859 ἦν
848 2763 975 2839 οἰωνῶν
996 2766 1041 2849 δίς

237 2870 376 2944 πόντοδ
400 2870 621 2961 ἀτυζομένων·
644 2874 662 2945 ὁ
687 2874 719 2943 δ’
745 2878 865 2969 ἐρεμνῇ
884 2877 975 2945 νυκτί
995 2872 1124 2957 ἐοικώς,

237 2983 358 3071 γυμνὸν
377 2981 474 3066 τόξον
494 2980 577 3065 ἔχων
597 2982 654 3050 καὶ
675 2982 733 3052 ἐπί
750 2990 910 3075 νευρῆφιν
931 2980 1055 3065 ὀϊστόν,
1336 2996 1406 3066 (386)

238 3091 346 3160 δεινὸν
366 3088 576 3171 παπταίνων,
599 3086 667 3159 αἰεί
685 3091 843 3176 βαλέοντι
865 3090 991 3173 ίοικιός

157 3203 288 3271 Scilicet
301 3203 347 3268 ita
361 3202 447 3268 hunc
459 3202 566 3268 locum
585 3201 626 3267 ab
648 3225 686 3269 eo
708 3204 764 3289 qui
786 3204 938 3270 cecinerit
958 3226 1024 3269 non
1046 3204 1225 3288 profectum
1245 3223 1324 3267 esse.

238 3309 304 3378 Sed
323 3309 357 3376 in
378 3311 441 3376 hoc
454 3309 593 3376 Hercule
607 3311 709 3376 severi
723 3311 824 3377 critici
838 3312 1014 3397 imaginem
1035 3310 1203 3389 referente,
1224 3312 1324 3374 artem

156 3418 349 3485 collineandi
374 3417 567 3495 factitantis,
588 3419 717 3484 turbam
737 3420 867 3485 inanem
889 3418 1079 3496 coercenda,
1099 3417 1182 3483 libro
1204 3419 1325 3495 nostro,

156 3527 208 3593 oui
233 3527 367 3593 materia
391 3549 410 3590 a
437 3546 564 3591 summo
585 3523 735 3592 Graeciae
758 3527 868 3594 critico
891 3530 972 3604 erat,
997 3526 1094 3591 finem
1115 3525 1325 3609 imponamus,
