3425 4934
543 338 566 390 1.
593 333 635 389 De
652 338 724 400 aere,
741 334 863 401 aethere,
880 332 1007 404 Olympo.
1303 340 1359 401 171

191 526 281 570 mum
302 505 390 589 quod
417 505 457 569 ad
478 502 699 570 Aristarchum
725 503 842 568 attinet
863 503 951 585 (huic
972 502 1058 568 enim
1076 522 1136 567 nos
1157 502 1226 566 iure
1246 503 1359 565 nostro
1486 559 1490 566 .

190 611 351 679 sthetesin
365 610 550 677 attribuisse
564 608 767 677 Nitzschium
788 610 970 677 consentire
990 609 1106 692 video),
1127 630 1194 675 non
1214 608 1290 675 lieet
1311 606 1360 673 illi

192 742 321 786 causum
348 718 535 786 offensionis
564 719 723 785 subiicere
751 740 821 784 eam
847 717 936 804 quod
955 709 1133 800 Ὄλυμπον
1160 720 1194 783 et
1221 708 1362 798 οὐρανόν

191 829 360 894 contusum
384 829 522 913 putaret.
564 827 638 893 Hoc
662 826 749 893 enim
769 826 842 893 loco
864 848 931 892 non
951 826 1035 891 hanc
1061 825 1091 891 ei
1112 845 1242 891 oausam
1262 824 1361 890 fuisse

190 936 248 1002 sed
272 935 370 1000 aliam
394 939 483 1002 certo
509 935 695 1001 testimonio
723 938 859 1000 constat
901 925 1104 998 dtsrodvroc
1128 926 1174 1010 ὦς
1201 924 1361 997 ἀδύνατοι

191 1047 241 1111 est
260 1044 296 1110 in
314 1042 454 1122 scholiis,
476 1047 510 1109 et
523 1043 612 1127 quod
632 1041 787 1109 continuo
809 1041 979 1108 subiicitur
998 1042 1039 1107 ab
1060 1040 1249 1107 adversariis
1272 1032 1361 1104 ἀλλὰ

188 1147 357 1234 μέμασαν,
382 1144 497 1239 φησίν,
520 1142 581 1215 οὐκ
602 1144 765 1235 ἔπραττον
787 1144 826 1216 δέ
848 1149 992 1216 ostendit
1012 1148 1095 1215 nihil
1114 1148 1181 1214 illic
1198 1148 1270 1214 vitii
1292 1170 1362 1214 esse

190 1281 249 1346 per
269 1258 431 1338 librarios,
451 1258 515 1324 iam
535 1281 577 1324 ne
597 1249 795 1344 ἀδιανόητον
817 1258 948 1343 quidem
971 1258 1154 1343 quadraret,
1175 1257 1232 1323 sed
1252 1255 1299 1321 ita
1319 1255 1360 1321 ab

189 1366 285 1432 initio
308 1365 462 1452 scriptum
482 1366 592 1433 fuisse.
634 1365 680 1433 Et
704 1368 741 1433 ut
762 1365 841 1433 haec
862 1366 897 1430 in
918 1365 1048 1432 scholiis
1070 1364 1115 1431 sie
1136 1364 1223 1449 apud
1242 1362 1362 1430 Eusta-

190 1474 296 1540 thium
317 1476 360 1561 (p.
378 1477 466 1554 1687,
479 1474 534 1558 28)
556 1469 611 1539 dab
634 1469 691 1540 καὶ
712 1466 915 1539 denotarat
936 1466 1140 1555 aurigaturus
1160 1468 1202 1536 τὰ
1223 1473 1362 1536 τοιαῦτα

189 1576 255 1668 ἔπη
276 1584 334 1647 τοῦ
349 1575 508 1668 Ὁμήρου,
533 1574 564 1646 si
581 1578 639 1648 καὶ
652 1576 686 1648 oi
700 1576 829 1648 λυτικοί
842 1603 948 1670 φασιν
961 1576 1015 1647 ὅτι
1027 1579 1180 1664 μέμασαν
1195 1573 1228 1645 oi
1241 1577 1363 1656 παῖδας

188 1691 336 1774 ποιῆσαι
355 1685 395 1756 τὸ
418 1680 597 1769 ἀδύνατον,
627 1682 666 1755 αὖ
693 1687 761 1775 μὴν
787 1683 942 1773 ἔπραξαν.
983 1689 1109 1756 Deinde
1140 1688 1228 1774 quod
1249 1688 1290 1753 ad
1309 1709 1361 1753 me

188 1800 296 1883 ipsum
322 1797 453 1876 attinet,
480 1819 542 1885 ego
568 1821 635 1864 non
661 1798 867 1885 neglexeram
894 1799 928 1864 in
956 1798 1101 1864 versibus
1121 1795 1301 1863 Homericis
1322 1796 1362 1862 de

188 1905 335 1972 consiliis
360 1904 490 1972 illorum
516 1906 741 1972 tantummodo
768 1907 841 1976 dici.
886 1905 944 1973 Illa
964 1905 1185 1989 „ascendunt“,
1205 1904 1362 1985 „moliun-

188 2018 274 2093 tur‘,
309 2018 347 2079 ut
378 2015 495 2100 opinor
521 2013 615 2081 facile
649 2018 752 2101 potet,
789 2015 980 2101 scripseram
1007 2015 1055 2080 rei
1074 2011 1361 2100 repraesentandae

188 2145 300 2201 causa,
322 2125 372 2202 ut,
393 2122 421 2186 si
442 2122 484 2188 ad
503 2121 624 2188 factum
645 2126 777 2188 rentum
799 2126 892 2202 esset,
914 2123 1077 2208 quomodo
1099 2144 1151 2187 res
1171 2141 1361 2207 processura

188 2234 277 2297 esset
297 2251 510 2296 cerneremus.
549 2229 713 2314 Denique,
742 2253 807 2316 quo
829 2231 894 2295 iam
915 2230 957 2297 sd
973 2231 1118 2316 ipsorum
1138 2250 1288 2295 versuum
1309 2249 1360 2292 ar-

188 2341 381 2425 gumentum
396 2337 550 2416 ducimur,
572 2337 650 2422 quid
664 2338 794 2405 tandem
810 2338 933 2405 adrem
949 2338 1053 2422 ipsam
1067 2341 1101 2404 et
1114 2336 1361 2423 explicationem

186 2448 325 2512 interest
338 2445 558 2511 interfectum
572 2449 606 2511 et
620 2445 774 2512 consilia?
794 2443 880 2512 Nam
893 2448 1032 2530 possunt
1044 2444 1093 2511 illi
1108 2445 1238 2530 quidem
1252 2443 1360 2509 auimo

187 2554 296 2621 moliri
317 2552 453 2638 aliquid,
480 2553 545 2632 eui,
574 2553 603 2618 si
624 2554 806 2620 adfectum
828 2556 962 2619 ventum
984 2557 1045 2634 est,
1066 2554 1149 2619 vires
1171 2575 1246 2620 suas
1267 2574 1360 2639 pares
1479 2555 1482 2560 ’

65 2736 67 2740 ,
186 2684 254 2727 non
282 2659 462 2740 inveniant,
491 2660 549 2726 sed
573 2660 656 2726 nihil
681 2665 819 2746 possunt
844 2661 952 2727 animo
978 2660 1086 2728 moliri
1115 2661 1361 2747 quodpropter

186 2770 293 2855 ipsam
324 2789 431 2834 rerum
456 2771 606 2833 naturam
630 2768 848 2854 impossibile,
875 2761 1037 2834 ἀδύνατον
1065 2774 1121 2837 est.
1163 2770 1223 2849 At,
1252 2769 1360 2854 inquit

185 2875 383 2957 Nitzschius‚
403 2875 473 2941 solo
486 2876 621 2941 consilia
638 2896 705 2941 non
726 2880 793 2942 tam
815 2880 963 2944 accurate
985 2878 1216 2963 depinguntur,
1235 2876 1358 2956 „blusso

185 2983 366 3051 Absichten
380 2980 461 3047 malt
479 3004 555 3049 man
569 2982 661 3050 nicht
674 3005 711 3049 so
733 2989 820 3050 aus.“
858 2984 951 3052 Itane
965 2989 1062 3051 vero?
1082 2984 1147 3051 Ubi
1161 2985 1200 3050 de
1215 2984 1358 3050 scelestis

184 3091 296 3177 pueris
317 3111 422 3155 sermo
444 3094 508 3170 est,
540 3090 581 3157 ad
602 3091 746 3159 adultam
773 3095 913 3159 aetatem
933 3116 974 3159 ne
996 3092 1196 3180 perventuris
1218 3092 1357 3177 quidem,
1408 3171 1412 3180 .

186 3200 242 3284 qui
272 3199 337 3263 iam
366 3197 484 3282 puerili
512 3202 617 3265 aetate
648 3200 748 3286 impia
774 3204 808 3266 et
837 3200 974 3267 scelesta
999 3200 1131 3285 capiunt
1155 3203 1189 3266 et
1216 3199 1358 3285 gloriose

184 3307 382 3395 profitentur
404 3304 554 3385 consilia,
582 3308 700 3392 quibus
726 3308 829 3375 adulti
855 3309 945 3394 ipsos
964 3309 1053 3376 Deos
1079 3308 1265 3395 aggressuri
1285 3308 1358 3386 sint,

185 3416 232 3481 ibi
246 3437 315 3481 non
331 3417 406 3498 apte
422 3413 642 3500 depinguntur
655 3416 810 3483 consilia?
830 3416 926 3496 Quod
941 3416 1118 3484 rectissime
1140 3419 1253 3482 contra
1265 3412 1359 3481 Nitz-

187 3523 315 3590 schium
337 3521 401 3586 dici
423 3521 569 3602 deberet,
598 3523 626 3587 si
652 3544 687 3588 re
708 3545 783 3590 vera
804 3524 1064 3612 depingerentur.
1100 3523 1164 3591 Sed
1184 3546 1226 3589 ne
1248 3523 1360 3609 depin-

187 3633 310 3718 guntur
332 3628 475 3714 quidem,
504 3629 561 3696 sed
581 3633 708 3695 tantum
730 3635 887 3715 quantum
908 3654 1039 3699 necesse
1061 3636 1130 3698 erat
1151 3632 1267 3697 dicitur
1286 3630 1358 3695 bre·

185 3739 275 3806 viter.
311 3735 482 3802 Praeterea
496 3737 536 3802 de
550 3736 604 3803 illa
624 3737 703 3826 fuga
715 3739 858 3806 Deorum
880 3740 927 3807 ait
947 3762 988 3805 ne
1008 3740 1205 3806 levissimum
1225 3739 1356 3823 quidem
1375 3756 1422 3808 lta

185 3845 341 3912 indicium
363 3866 446 3922 esse,
473 3844 562 3923 „eine
583 3843 702 3912 Flucht
722 3847 779 3913 der
799 3847 927 3932 Gdtter,
951 3871 1015 3916 ron
1038 3850 1093 3914 der
1113 3848 1171 3914 wir
1192 3847 1282 3914 nicht
1303 3846 1354 3912 die

186 3953 398 4018 entfernteste
424 3952 626 4037 Andeutung
653 3954 767 4022 lesen⁸‘.
807 3957 852 4021 At
879 3956 957 4021 satis
986 3956 1096 4022 indicii
1124 3958 1174 4022 est
1199 3955 1226 4020 si
1251 3976 1358 4021 rerum

186 4062 219 4125 et
240 4059 421 4125 sententiae
442 4081 634 4147 progressus
654 4061 795 4148 flagitat3
823 4066 865 4145 et,
887 4064 914 4129 si
933 4084 1015 4149 opus
1036 4066 1094 4143 est,
1114 4064 1149 4128 in
1169 4064 1357 4131 memoriam

185 4165 407 4232 revocabimus
422 4171 543 4252 quanta
564 4172 597 4235 et
617 4167 716 4257 longe
738 4170 868 4255 quidem
890 4170 1073 4237 obscuriore
1095 4171 1252 4239 brevitate
1274 4195 1357 4239 non·

185 4296 353 4359 nunquam
381 4278 478 4359 poeta
503 4276 538 4341 in
559 4276 679 4362 mythis
704 4278 738 4342 in
765 4277 903 4344 transitu
925 4279 1184 4345 commemoratis
1205 4301 1282 4346 usus
1303 4279 1354 4346 sit.

185 4379 352 4449 Habemus
373 4381 479 4469 igitur
493 4383 569 4450 hcc:
589 4384 728 4469 „welche
745 4407 842 4472 sogsr
863 4385 1010 4467 drohten,
1031 4385 1093 4452 den
1107 4384 1355 4455 Unsterblichen
