3425 4934
475 345 500 396 8.
527 340 680 410 καμμονίη.
711 335 822 397 ἱππότα
838 344 868 398 et
883 334 1037 412 ἱππηλάτα.

646 601 856 694 Καμμσνίη
1356 623 1403 674 10⁵

170 786 230 827 ποτε
250 762 351 827 omno
370 761 501 827 π’στοννὶι
515 774 580 849 σοι,
605 760 663 825 σεδ
687 785 767 847 φασι
787 774 929 847 φοναῖσιν
955 759 1068 825 stando
1095 775 1126 826 et
1150 760 1339 825 ετιατιὶισνιάο.

255 930 288 990 Ψ
308 934 366 996 661
398 921 451 992 ὅτι
481 921 539 991 σύκ
565 920 652 992 ἔστιν
677 919 713 991 ἓν
735 918 812 989 ἀνθ’
843 920 916 1002 ἑνὸς
938 920 1104 1012 καμμονίη
1126 920 1216 1012 νίκη,
1240 919 1286 1003 αἱς
1308 919 1341 992 οἱ

170 1023 436 1123 γλωσσογράφοι,
461 1026 534 1099 ἄλλ’
559 1027 578 1123 ἡ
602 1030 638 1099 ἐκ
658 1032 795 1099 πολλῶν
816 1034 850 1117 (l.
872 1036 1084 1122 καταμονῆς)·
1105 1030 1161 1100 διδ
1183 1029 1241 1098 ἐπὶ
1262 1031 1339 1117 δρο-

167 1140 256 1226 μέων
274 1135 313 1209 ού
327 1136 454 1221 τάσσει,
478 1135 550 1206 ἀλλ’
575 1138 632 1207 έπὶ
652 1145 718 1206 τῶν
739 1135 967 1208 πυκτευόντων
987 1139 1044 1207 καί
1064 1134 1340 1225 μονομαχούντων

169 1255 216 1337 (Χ
236 1256 325 1335 257),
352 1246 416 1334 μία
443 1252 476 1337 (L
496 1248 593 1335 μετὰ)
620 1247 682 1335 γὰρ
712 1253 908 1339 καταμονῆς.
952 1255 988 1313 Χ
1003 1257 1064 1318 257
1091 1244 1123 1338 (ἦ
1147 1248 1261 1337 διπλῆ)
1289 1244 1341 1314 ότι

169 1354 334 1446 καμμονίη
355 1355 429 1446 νίκη
452 1351 489 1425 ού
514 1356 725 1436 καθολικῶς,
757 1355 843 1422 ἀλλὰ
865 1353 885 1447 ἡ
908 1356 946 1423 ἐκ
966 1360 1168 1444 καταμονῆς·
1199 1354 1253 1422 διὸ
1283 1352 1341 1421 ἐπὶ

167 1472 230 1534 τεόν
257 1459 535 1550 μονομαχούντων
555 1463 613 1532 καί
633 1457 860 1531 πυκτευόντων
880 1459 1031 1552 τίθησιν,
1053 1462 1111 1530 ἐπὶ
1132 1461 1169 1530 δὲ
1192 1460 1341 1548 δρομέων

169 1570 289 1646 σύκέτι.
329 1575 421 1643 Eunt.
441 1578 477 1638 X
496 1581 557 1643 257
586 1567 752 1660 καμμονίη
781 1569 817 1639 δὲ
839 1567 898 1653 ούχ
926 1567 1042 1651 ἁπλῶς
1063 1568 1082 1662 ἦ
1104 1568 1193 1659 νίκη,
1227 1560 1341 1660 σῖονὶγ

168 1689 232 1750 τῶν
255 1678 406 1769 δρομέων
426 1674 447 1770 ἢ
467 1685 531 1746 τῶν
551 1675 697 1761 ἱππέοιν,
728 1673 800 1746 ἀλλ’
830 1677 850 1770 ἡ
879 1679 916 1746 ἐκ
938 1683 1140 1770 καταμονῆς,
1169 1673 1215 1758 οἱς
1236 1676 1256 1768 ἡ
1277 1683 1341 1744 τῶν

166 1786 443 1876 μονομαχούντων
467 1786 525 1854 καί
544 1781 780 1858 πυκτευόντων.
824 1777 919 1854 οὗτοι
944 1788 1006 1873 γὰρ
1033 1784 1271 1872 καταμένοντες
1296 1783 1342 1864 ὡς

167 1898 338 1966 τὰπολλὰ
359 1895 416 1965 καί
437 1897 726 1984 διακαρτεροῦντες
746 1889 955 1980 ἀποκάμνειν
974 1896 1052 1976 τοὺς
1072 1893 1240 1974 ἐναντίους
1260 1919 1341 1962 ποι-

170 2012 244 2076 οῦσι
265 2005 323 2074 καί
344 2002 430 2073 ούτω
452 2009 580 2075 νικῶσι.

636 2176 868 2185 ——-..—-.—.

526 2332 693 2404 Ἱππότα
716 2344 750 2406 εἱ
770 2333 980 2427 ἱππηλάτα

214 2493 299 2578 falso
320 2507 481 2580 acceptum
502 2519 523 2556 α
545 2491 732 2578 qmbusdam
746 2516 809 2578 μτσ
829 2492 973 2580 Ῐνηιὶίυο,
997 2517 1066 2555 συντ
1088 2491 1299 2557 demonstrari

413 2602 516 2686 μοεσιὶ
536 2599 573 2663 id
592 2624 654 2665 ποτε
674 2601 856 2687 oiqm‘ficari
872 2599 931 2665 sed
949 2603 1088 2686 σφαιὶυννι.

252 2766 358 2832 Ττυὶτ.
380 2765 456 2833 Hes.
478 2771 558 2832 scut.
573 2773 635 2835 216
656 2760 786 2833 ἱππότα
804 2759 969 2851 Περσεύςε
991 2763 1075 2831 κατὰ
1096 2762 1174 2842 τοὺς
1194 2763 1343 2848 γλωσσο-

172 2870 318 2962 γράφους
351 2874 422 2956 (ins.
451 2869 550 2960 ἐστὶν)
579 2868 726 2962 ἱππότην
762 2870 897 2941 άκούειν
924 2872 983 2941 τὸν
1012 2869 1155 2962 φυγάδα.
1201 2874 1344 2939 Ariston„

170 2980 275 3053 3117
290 2974 419 3047 ἱππότα
437 2975 569 3059 Οἰνεύςε
591 2978 624 3068 (ἡ
642 2982 758 3073 διπλῆ)
780 2978 833 3050 ότι
854 2978 1044 3067 ἐλέγχονται
1065 2977 1098 3047 οἱ
1117 2979 1176 3049 τόν
1197 2976 1343 3068 ἱππότην

170 3081 391 3166 ἀποδιδόντες
412 3083 563 3177 φυγάδα·
587 3085 606 3156 ό
630 3089 691 3176 γὰρ
718 3085 835 3170 Οἰνεύς
854 3085 1048 3171 κατέμεινεν
1069 3086 1126 3155 ἐπὶ
1145 3092 1204 3180 τῆς
1223 3083 1343 3174 πατρί·
1355 3093 1424 3159 (113)

171 3198 237 3275 δος.
273 3197 320 3265 Ιδ.
347 3204 405 3266 119
427 3189 500 3261 ἀλλ’
525 3193 544 3264 ό
566 3195 627 3282 μὲν
649 3193 774 3265 αὐτόθι
793 3201 900 3281 μεῖνετ
928 3193 980 3264 ὅτι
1007 3191 1026 3264 ὁ
1054 3192 1170 3277 Οἰνεύς
1188 3194 1343 3282 κατέμει-

169 3329 221 3371 νεν
234 3300 295 3372 ἐπὶ
310 3305 371 3391 τῆς
384 3300 555 3392 πατρίδος,
578 3301 597 3372 ό
619 3303 683 3391 (δέ)
703 3300 848 3394 ἱππότης
867 3298 934 3391 δίρα
949 3299 987 3372 ού
1005 3301 1122 3395 φυγάς,
1146 3301 1219 3371 άλλ)
1243 3301 1344 3372 ἱππι-

170 3407 237 3492 κός.
272 3413 366 3482 Eum
388 3438 419 3500 p.
441 3418 515 3494 305,
535 3421 555 3482 4
586 3410 640 3480 διὸ
668 3412 726 3480 καί
749 3409 895 3502 ἱππότης
915 3417 972 3479 νύν
992 3409 1154 3501 εἰρῆσθαι
1175 3412 1344 3483 δοκεῖκαὶ

171 3516 270 3601 αύτδς
299 3514 373 3587 άνιί
404 3525 463 3586 τοῦ
490 3518 613 3610 φυγάς·
655 3524 779 3615 κεῖται
794 3518 856 3608 γάρ
888 3545 971 3589 ποτε
1001 3521 1039 3591 τὸ
1066 3517 1212 3610 ἱππότης
1236 3517 1343 3608 όνομα

170 3627 253 3695 κατὰ
288 3627 367 3708 τοὺς
401 3625 681 3719 γλωσσογράφοος
721 3627 779 3695 καὶ
816 3628 874 3699 έπὶ
903 3628 1054 3699 τοιούτου
1089 3628 1344 3719 σημαινομένου.

169 3738 308 3825 Hesyoh.
330 3730 475 3804 ἱππόται
496 3732 650 3827 ἱππότης,
672 3731 829 3816 ἱππικός·
853 3733 886 3805 οἱ
908 3736 944 3805 δὲ
966 3734 1121 3824 νειύτεροι
1142 3735 1259 3828 φυγάς,
1283 3732 1344 3805 ούκ

170 3836 218 3911 εδ·
247 3841 390 3911 κάλλιον
415 3844 476 3932 γὰρ
503 3842 695 3938 ἐπιστήμων
721 3843 876 3937 ἱππικῆς,
905 3842 1143 3926 ἱππικώτατος.
1188 3840 1289 3914 ἄλλοι
1310 3849 1343 3931 (l.

170 3946 293 4039 άλλως)
319 3948 519 4040 ἱππηλάτης.
568 3956 633 4023 Ubi
660 3952 814 4041 νεαὶτεροι
835 3979 902 4023 non
923 3963 1000 4023 sunt
1020 3958 1216 4023 recentiores
1235 3978 1343 4043 gram·

169 4064 294 4141 motioi,
324 4084 408 4148 quae
429 4062 556 4128 Heinsii
586 4066 747 4131 sententia
773 4066 836 4130 suit
863 4066 903 4131 ad
924 4065 1056 4132 Hesiod.
1083 4068 1163 4129 scut.
1185 4063 1208 4128 l.
1230 4065 1264 4147 l.‚
1285 4065 1341 4130 sed

168 4171 313 4239 Homero
335 4169 531 4255 posteriores
553 4176 678 4257 poetae.
714 4171 822 4257 Apoll.
842 4174 903 4241 lex
917 4173 957 4240 Η
978 4196 1008 4257 p.
1023 4179 1083 4241 440
1105 4165 1235 4238 ἱππότα
1257 4174 1342 4259 (cod.

167 4270 348 4363 ἱππόται>τ
374 4269 481 4362 οἱμὲν
502 4272 655 4359 νεώτεροι
675 4272 822 4365 ἱππότην
841 4277 900 4346 τὸν
921 4275 1056 4368 φυγάδα
1078 4274 1240 4364 λέγουσιν,
1263 4274 1342 4365 ,,ἱπ-
1361 4301 1408 4353 106

167 4382 257 4453 πότα
283 4384 428 4464 Φοίνιξί(
455 4386 555 4471 (quod
580 4392 718 4454 nonest
745 4387 831 4472 apud
852 4388 1044 4469 Homerum,
1071 4410 1266 4474 quamquam
1292 4394 1342 4454 est
