3425 4934
368 330 426 392 110
448 321 479 375 Π.
510 320 551 376 De
570 320 749 377 Aristarchea
766 320 964 376 vocabulorum
982 321 1191 377 Homericorum
1209 320 1451 392 interpretatione.

362 489 546 555 maluemnt
571 492 600 553 Σ
623 495 698 566 375,
729 510 910 574 expressam
935 489 1070 555 haberet
1098 491 1346 575 praepositionis
1372 487 1534 573 signitica-

362 598 492 663 tionem.
530 595 676 674 Quocum
694 598 777 663 mele
799 598 964 681 componit
984 590 1224 677 ὑποπυθμένες
1236 597 1374 663 Mueller
1395 598 1434 663 de
1455 596 1533 681 cycl.

363 727 411 789 ep.
427 728 458 789 p.
479 712 528 773 70.
563 704 626 783 Qui
641 705 726 770 enim
748 706 795 771 sic
814 704 970 791 legebant
991 708 1029 768 A
1049 711 1110 773 635
1133 706 1225 792 (legit
1246 710 1354 771 autem
1368 704 1534 789 Asclepia-

364 812 419 876 des
442 811 627 896 Myrleanus
648 813 725 878 Ath.
740 811 785 878 XI
806 813 902 894 492³)
924 836 983 899 pro
1005 813 1162 879 adiectivo
1185 835 1254 878 esse
1276 813 1439 879 volebant.
1469 811 1533 878 Sed

359 919 561 985 referendum
590 920 716 987 videtur
740 920 804 985 huc
830 916 1005 1003 ἕπιμείλια
1031 924 1085 1003 (sc.
1113 942 1151 983 ex
1177 925 1323 987 veterum
1349 919 1532 1001 sententia),

362 1027 449 1111 qnod
470 1027 675 1092 Aristarchus
696 1030 899 1112 praeoptavit
921 1032 939 1090 1
962 1036 1019 1096 147
1038 1027 1077 1093 cf.
1098 1032 1159 1095 289

721 1131 784 1219 ἐγώ
805 1129 837 1199 δ’
863 1121 1037 1217 ἐπιμείλια
1060 1133 1162 1200 δώσω.

359 1242 505 1308 Tradidit
525 1243 730 1308 Herodianus
751 1245 846 1311 haec:
878 1235 1091 1327 Ἀρίσταρχος
1116 1236 1152 1305 tt
1177 1239 1280 1327 μέρος
1304 1237 1405 1326 λόγον
1426 1239 1532 1324 παρέ-

358 1348 459 1432 λαβεν
473 1344 519 1426 ιῖις
536 1346 725 1435 ἐπιφέρνια.
753 1343 1014 1433 Ἀπολλόδωρος
1028 1346 1066 1414 δὲ
1081 1345 1210 1414 διαλύει
1232 1345 1290 1414 ἐπὶ
1310 1339 1382 1414 εἶτα
1401 1345 1531 1432 μείλια·

359 1453 462 1533 οὕτως
483 1453 520 1521 δὲ
542 1455 599 1522 καί
617 1451 781 1535 Ἀλεξίων.
831 1458 893 1524 Illa
913 1458 1037 1524 adiecta
1063 1459 1258 1544 praepositio
1279 1458 1311 1522 id
1338 1458 1404 1522 fere
1426 1459 1530 1542 expri-

357 1567 417 1631 mit
437 1567 524 1651 qnod
545 1567 684 1650 quodam
705 1566 778 1631 loco
800 1568 879 1632 dicit
904 1573 1001 1652 poeta
1023 1562 1117 1644 ἱίλνα,
1146 1563 1230 1631 ὅσσα
1251 1567 1346 1650 φιλεῖ
1366 1566 1403 1652 (Ι.
1424 1559 1529 1650 iocus>

359 1669 460 1760 φίλης
480 1669 537 1737 ἐπὶ
558 1671 684 1751 παιδὸς
705 1669 861 1740 ἕπεσθαι.
898 1673 1113 1740 Referendum
1135 1675 1206 1754 huc
1227 1673 1317 1759 qnod
1339 1672 1530 1758 quibusdam

357 1780 480 1865 placuit
501 1775 643 1862 ἐπίουροι
665 1784 699 1845 Κ
719 1787 778 1850 351

481 1881 553 1952 ἀλλ’
578 1885 633 1953 ὅτε
655 1883 695 1978 δή
716 1884 746 1970 ῥ’
772 1882 888 1977 ἀπέην,
910 1885 1011 1955 ὅσσον
1032 1883 1057 1953 τ)
1082 1885 1224 1973 ἕπίοερα
1244 1884 1406 1954 πέλονται

479 1989 691 2083 ἡμιόνων-

357 2105 444 2189 quod
464 2105 597 2170 omnino
620 2104 869 2189 praepositionis
896 2104 1142 2188 explicationem
1163 2105 1332 2170 admittere
1354 2126 1420 2170 non
1441 2105 1530 2169 vide·

357 2216 419 2279 tur.
455 2211 538 2278 Item
553 2207 695 2299 ε’πιφρίξ
714 2213 753 2277 de
775 2233 840 2296 quo
863 2218 948 2277 certe
970 2214 1157 2299 cogitarunt
1173 2214 1208 2275 H
1228 2217 1267 2280 63
1290 2211 1343 2298 οἵη
1366 2208 1404 2275 δὲ
1417 2205 1531 2299 Ζεφά

355 2341 431 2401 ροιο
453 2314 587 2400 ἐχεύατο
608 2314 733 2386 πόντον
754 2316 811 2385 λιτὶ
826 2315 914 2409 φρίξ,
935 2320 974 2386 de
996 2342 1061 2405 quo
1076 2320 1122 2384 sio
1136 2318 1352 2384 Herodianus:
1374 2310 1530 2383 ὁἈοιια-

356 2422 494 2514 λωνίτης
521 2418 722 2517 ἀναστρέφει
747 2422 872 2493 πόντον
900 2422 971 2493 ἔπι·
1002 2423 1126 2504 οὕτως
1153 2423 1219 2491 καί
1246 2421 1284 2493 οὶ
1304 2420 1434 2492 άλλοι.
1471 2424 1529 2492 καί

357 2527 507 2615 άμεινσν·
530 2528 709 2620 οὐδὲνγὰρ
732 2530 825 2602 ἔσται
851 2533 890 2600 τὸ
914 2529 1067 2623 ἐπιφρίξ,
1094 2530 1193 2618 χωρίς
1214 2527 1309 2622 εἰμὴ
1333 2530 1525 2623 παρέλκῃὴ

354 2635 534 2725 πρόθεσις·
556 2639 638 2730 ὅπερ
657 2636 695 2710 ori
718 2641 882 2710 πιθανόν
906 2636 944 2708 οὐ
967 2640 1028 2727 γάρ
1050 2636 1249 2725 κατεπείγει.
1284 2641 1376 2708 Euat.
1391 2645 1478 2729 (665,
1495 2644 1528 2727 1>

272 2756 344 2824 (118)
356 2751 410 2832 sic,
430 2752 510 2818 haec
524 2752 743 2839 negligentius
759 2752 954 2818 describens:
976 2746 1011 2814 ἐν
1026 2746 1064 2814 δὲ
1080 2754 1127 2835 τῷ
1149 2744 1291 2837 έπιφρίξ
1309 2749 1485 2831 πλεονάζει
1505 2744 1525 2836 ἡ

354 2854 530 2942 πρόθεσις·
546 2856 628 2947 φρίξ
639 2858 702 2946 γὰρ
712 2857 750 2924 τὸ
763 2854 891 2924 κοινόν·
907 2850 938 2923 εἶ
951 2856 996 2946 μὴ
1013 2850 1078 2941 όίρα
1088 2852 1158 2922 κατ’
1172 2850 1386 2946 ἀναστροφὴν
1399 2853 1529 2945 ἀναγνῷ

352 2990 403 3045 τις
420 2960 561 3047 ,,χεόατο
582 2962 706 3032 πόντον
726 2962 784 3031 ἔπι
806 2962 920 3053 φρίξέί.
956 2965 1021 3032 Sed
1035 2961 1191 3052 ίπιμῆνις
1204 2969 1409 3035 Aristarchus
1428 2970 1526 3036 8178

436 3070 516 3159 λριῦν
535 3071 689 3162 μηνίσας·
708 3074 837 3161 χαλεπὴ
861 3070 898 3138 δὲ
919 3076 1005 3139 θεοῦ
1026 3069 1192 3161 ἐπιμῆνις.

354 3183 426 3261 Quo
451 3183 525 3249 loco
551 3183 769 3251 Herodianus:
800 3175 1014 3267 Ἀρίσταρχος
1039 3181 1214 3270 παρολκὴν
1240 3178 1347 3250 οίεται
1372 3187 1432 3271 τῆς
1457 3179 1526 3268 ἐπί,

353 3286 480 3371 ὁμοίως
492 3293 540 3376 τῷ
552 3287 829 3376 ,,ἒπισμογερῶςῑί
844 3292 877 3373 (7
891 3292 958 3371 195)
973 3285 1031 3353 καί
1044 3292 1156 3373 ,,βοιόν
1170 3286 1394 3374 ἐπιβουκόλος
1407 3283 1526 3379 ἀνήρίί.

353 3393 432 3462 ὅταν
467 3394 504 3462 δέ
531 3393 725 3486 παρέλκῃὴ
756 3393 937 3482 πρόθεσις,
968 3389 1007 3462 οὐ
1036 3402 1185 3463 ποιεῖται
1214 3395 1398 3487 ἐξαλλαγὴν
1418 3394 1525 3468 τόνον.

352 3499 416 3570 εἶσὶ
443 3502 480 3570 δὲ
506 3498 544 3570 οἳ
567 3499 790 3591 όνεγνιάιιασιν
825 3500 952 3587 ὁμοίως
980 3507 1028 3590 τῷ
1053 3500 1154 3583 ,,άπεί
1189 3499 1230 3572 σά
1258 3530 1312 3573 τοι
1337 3501 1396 3572 έπι
1422 3503 1525 3585 όέος“

352 3617 402 3696 (Α
419 3617 503 3698 515),
526 3613 580 3678 ἵνα
594 3611 631 3679 τὸ
648 3609 762 3679 ἔπεστι
775 3609 984 3701 σημαίνηται.
1019 3604 1118 3677 άλλοι
1132 3609 1169 3677 δὲ
1186 3610 1350 3700 ἐπίμηνις,
1375 3608 1411 3681 ἓν
1423 3613 1526 3700 μέρος

352 3715 452 3806 λόγου
473 3724 662 3800 ποιοῦντες,
697 3714 835 3804 άμεινον
856 3717 894 3786 δὲ
916 3724 964 3807 τῴ
982 3714 1185 3807 Ἀριστάρχῳ
1206 3718 1526 3806 συγκατατίθεσθαι.

350 3829 541 3896 Eustathius
563 3833 605 3915 (p.
628 3835 688 3898 535
711 3834 800 3915 extr.)
827 3823 897 3895 ἔστι
924 3826 961 3894 tt
982 3827 1192 3912 πλεονασμὸς
1214 3826 1362 3896 ἐνταῦθα
1386 3834 1447 3919 τῆς
1467 3826 1526 3896 ἐπί

351 3935 558 4021 προθέσεως,
583 3930 628 4014 ὡς
640 3934 698 4001 καί
712 3933 747 4001 έν
766 3940 814 4022 τῷ
836 3940 951 4020 ,,βσιῖιν
972 3930 1195 4019 ἐπιβουκόλος
1209 3929 1320 4024 οἷνήρ(ί
1344 3937 1401 4005 καὶ
1422 3936 1524 4017 „tui-

288 4053 332 4105 111
354 4050 480 4130 στροςίί.
521 4045 566 4111 Id.
589 4068 619 4131 p.
644 4051 738 4127 1009,
760 4051 800 4112 49
828 4042 866 4109 τὸ
893 4040 931 4109 δὲ
956 4037 1156 4129 μετάγγελος
1184 4045 1340 4135 περιττὴν
1365 4046 1422 4113 καὶ
1443 4042 1523 4113 αίτὸ

351 4147 417 4233 ἔχει
449 4148 629 4238 πρόθεσιν,
662 4149 757 4216 καθὰ
779 4150 837 4218 καὶ
860 4151 898 4218 τὸ
923 4147 1132 4236 „salomom
1159 4152 1277 4221 καὶτὸ
1306 4155 1457 4244 ,,χαλεπὴ
1488 4153 1525 4222 δὲ

351 4264 435 4326 θεοῦ
452 4259 631 4347 έπιμιῖνιςα
652 4257 709 4325 καὶ
728 4253 977 4343 ,,ίπιβοοκόλσς
991 4253 1095 4348 ἀνήρ’(
1117 4261 1174 4328 καὶ
1195 4260 1270 4342 ,,τίς
1291 4258 1332 4330 tt
1353 4270 1523 4353 καταθνη-

349 4371 415 4433 τιῦν
436 4362 653 4452 ἀνθρώπων(
680 4365 737 4433 καὶ
766 4361 924 4453 ,,άνιλρῶν
951 4366 1273 4439 canatanazore
1312 4374 1364 4440 Ad
1390 4376 1523 4440 eandem
