3425 4934
386 335 446 398 322
835 329 883 389 IV.
907 328 948 384 De
965 329 1102 398 prosodia.

319 499 367 550 ³26
467 494 536 561 Iam
560 496 666 560 missis
692 496 903 579 turbulentis,
929 498 1046 584 quibus
1070 494 1217 565 Bacchus
1238 495 1371 582 gaudet,
1397 495 1554 562 exclama·

384 604 528 671 tionibus
555 607 778 681 convertamus
806 627 866 672 nos
894 605 935 673 ad
961 604 1094 671 lunonis
1124 603 1254 670 delicias
1283 602 1475 689 <Antiphan
1503 627 1553 690 ap.

383 711 503 779 Athen.
524 709 601 777 XIV
621 735 652 796 p.
676 711 789 795 ababa

382 926 443 993 Qua
460 927 529 984 haec
546 927 676 984 nituntur
693 930 821 986 doctrina
838 931 874 986 de
898 946 1033 987 consensu
1055 928 1265 999 significationis
1288 946 1350 984 oum
1367 928 1458 986 forma
1474 946 1553 985 voca·

381 1011 520 1079 bulornm,
538 1029 572 1068 ea
588 1012 669 1069 nobis
687 1014 771 1070 latius
789 1016 983 1087 persequendo
1000 1018 1049 1073 est.
1084 1013 1134 1070 llst
1152 1031 1185 1069 ea
1202 1013 1268 1070 satis
1285 1013 1411 1083 antiqua.
1440 1013 1553 1083 Didymi

380 1094 498 1165 legimus
515 1096 738 1154 observationem
755 1100 857 1155 Athen.
874 1099 914 1154 IX
925 1118 953 1170 p.
966 1103 1032 1156 aelf
1049 1100 1155 1169 σχεδὸν
1171 1097 1208 1154 τά
1224 1101 1346 1154 πλεῖστα
1363 1101 1425 1154 τῶν
1442 1089 1555 1169 ὀρνέων

380 1181 511 1253 ἀπάτης
533 1193 634 1251 φωνῆς
655 1176 714 1252 ἔχει
737 1186 791 1254 την
813 1173 976 1253 ὀνομασίαν
998 1184 1044 1254 (cf.
1062 1183 1150 1239 Varro
1168 1200 1195 1254 p.
1215 1187 1247 1237 80
1264 1181 1336 1253 Sp.):
1366 1199 1450 1252 qnam
1473 1181 1552 1237 illum

379 1281 437 1319 non
453 1263 496 1320 ita
507 1264 629 1337 posuisse
641 1268 761 1335 tanturn,
778 1267 828 1324 sed
838 1267 929 1324 sicubi
945 1285 988 1323 res
1005 1268 1121 1332 ferebat,
1139 1267 1170 1322 in
1186 1285 1267 1322 usum
1284 1266 1452 1323 convertisse
1471 1284 1552 1321 suum

380 1365 414 1403 ex
431 1348 516 1406 schol.
534 1350 582 1405 Ar.
594 1350 645 1404 Ar.
662 1355 711 1407 302
729 1351 866 1408 iudicium
881 1351 1005 1408 burnus.
1036 1353 1109 1408 Nam
1126 1369 1189 1406 enm
1207 1351 1369 1407 dubitarent
1385 1351 1553 1422 interpretes

379 1436 473 1488 utrum
496 1433 598 1490 rectius
620 1434 787 1493 scriberetur
808 1440 935 1509 κήρυλος
956 1456 992 1493 an
1014 1434 1159 1506 κεδρυλος,
1181 1436 1205 1491 is
1230 1437 1399 1492 sententiam
1415 1436 1484 1491 tulit
1501 1438 1552 1502 „cd

378 1516 564 1589 κατὰφύσιν
587 1515 683 1586 ὄνομα
703 1521 838 1593 κελρυλος
864 1516 964 1578 εἷναι.“
999 1520 1157 1593 Discipulus
1184 1521 1243 1576 sins
1264 1521 1379 1593 Trypho
1401 1520 1458 1575 iarn
1479 1519 1552 1592 ὑπὲρ

379 1602 544 1672 σκάμματα.
578 1601 623 1661 Et.
640 1604 677 1659 Μ.
701 1623 722 1661 s.
746 1607 869 1677 ριλητης
889 1606 1034 1670 docemur,
1052 1605 1230 1676 'lhyphonem
1252 1609 1372 1678 φιλήτης
1388 1623 1440 1677 pro
1458 1607 1551 1661 decur-

378 1688 439 1742 tato
456 1687 586 1744 habuisse
605 1705 639 1744 ex
655 1684 820 1760 ὑφειλέτης,
839 1679 887 1746 ὅτι
905 1690 1072 1748 συνέπαθεν
1089 1693 1106 1763 η
1123 1694 1206 1763 φιονι)
1224 1695 1267 1764 τῷ
1283 1690 1488 1765 σημαινομένην
1504 1731 1511 1745 .

379 1769 395 1826 ὁ
414 1763 470 1842 γάρ
488 1771 612 1843 κλέπτης
625 1771 741 1829 ἔνδειαν
757 1780 845 1841 πσιελ
863 1763 898 1829 οὗ
914 1773 1001 1845 χάριν
1018 1778 1069 1832 καὶ
1085 1788 1185 1848 φωνῆς
1202 1768 1318 1832 ἔνδειαν
1335 1771 1504 1841 eracleam:
1522 1778 1552 1831 et

379 1856 497 1911 eandem
518 1857 555 1912 ob
577 1874 690 1913 oausam
711 1859 883 1928 ἡμικύκλιον
905 1876 939 1915 ex
962 1859 1175 1929 ημισιιιδιιλισν,
1198 1860 1283 1927 λιμδς
1299 1877 1317 1915 a
1333 1862 1426 1915 tsine
1444 1860 1551 1915 iactum

378 1940 499 2010 putarit.
532 1940 663 1998 Dolemus
680 1959 746 1998 sane
765 1941 956 1998 doctissimum
974 1942 1136 2013 ceteroquin
1153 1943 1368 2014 grammaticum
1384 1944 1414 1999 in
1431 1943 1552 2015 ineptias

378 2043 532 2082 incurrisse.

445 2110 500 2166 Sed
517 2127 666 2182 pergamus
683 2111 827 2168 doctrinae
844 2112 919 2167 illius
938 2111 1055 2183 vestigia
1071 2113 1230 2183 sublegere,
1249 2116 1282 2170 ut
1299 2117 1405 2185 pateat
1422 2112 1551 2169 laetaene

377 2194 482 2252 fuerint
499 2200 613 2268 segetes.
648 2195 769 2267 Etymol.
787 2197 824 2252 M.
843 2216 872 2269 p.
892 2203 950 2266 012,
969 2190 1131 2270 δχιράδες,
1157 2195 1188 2255 αἱ
1209 2201 1270 2254 τῶν
1289 2202 1399 2271 χειρῶν
1416 2192 1551 2271 δαγάδες.

377 2285 519 2336 συνέπεσε
536 2280 603 2351 (leg.
622 2281 772 2339 συνέπαθε
790 2300 854 2337 cum
871 2281 916 2339 Et.
935 2281 1006 2341 (iud.
1024 2287 1081 2349 500,
1094 2288 1126 2338 58
1145 2286 1175 2338 et
1186 2282 1378 2339 Choerobosco
1390 2282 1479 2338 cram.
1497 2284 1550 2337 An.

378 2364 427 2419 Ox.
441 2364 468 2419 11
481 2369 539 2435 277,
558 2368 587 2435 2>
605 2364 639 2422 δὲ
655 2367 673 2438 ἡ
691 2370 775 2438 φωνὴ
792 2372 834 2441 τῷ
853 2366 1066 2439 σημαινομένην.
1097 2363 1197 2437 ἐπειδη
1208 2360 1265 2438 γάρ
1282 2361 1318 2424 τὸ
1333 2368 1421 2441 χιράς
1438 2360 1551 2423 ἔνδειάν

377 2467 443 2505 τινα
461 2451 595 2518 σημαίνει
614 2444 678 2520 (τάς
690 2445 746 2521 γάρ
760 2455 820 2507 τῶν
833 2456 946 2523 χειριῦν
963 2447 1092 2524 ῥαγάδας
1109 2454 1203 2521 δηλοῖ·
1221 2438 1239 2524 ἦ
1256 2450 1289 2509 δὲ
1306 2445 1399 2524 ῥαγάς
1414 2455 1469 2507 τοῦ
1487 2442 1551 2506 ὁλο-

295 2539 367 2611 (342)
378 2535 487 2605 κληρου
499 2526 615 2589 ἔνδειαν
627 2527 698 2604 ἔχει·
716 2529 752 2591 τὸ
763 2529 821 2608 γάρ
834 2530 904 2606 ἔχον
920 2528 1052 2608 ῥαγάδας
1070 2540 1125 2593 σῦκ
1144 2531 1225 2594 ἔστιν
1243 2536 1427 2609 δλδκληρον),
1444 2536 1551 2591 τοῦτου

376 2616 463 2690 χάριν
489 2612 538 2672 διά
558 2622 612 2673 τοῦ
635 2640 645 2672 ι
667 2611 821 2691 γράφεται.
861 2621 896 2675 In
919 2620 1087 2677 contrariam
1110 2622 1221 2692 partem
1243 2619 1289 2676 hic
1311 2625 1494 2676 annectamus
1516 2618 1551 2673 de

378 2717 461 2758 causa
478 2701 624 2773 augmenti
643 2702 867 2760 observationem
884 2704 1060 2775 grammatici
1077 2705 1107 2760 in
1124 2704 1168 2761 Et.
1185 2705 1223 2765 M.
1240 2724 1268 2777 p.
1286 2711 1348 2770 020,
1366 2710 1399 2761 25
1416 2700 1501 2770 ἄξιον
1519 2701 1552 2758 δὲ

378 2791 506 2860 ζητῆσαι,
524 2781 573 2842 διά
590 2788 619 2842 τέ
637 2782 765 2844 πάντοτε
782 2789 981 2860 ’μεγεδύνεται
1004 2779 1020 2846 ὅ
1041 2791 1255 2863 παρατατικὸς;
1279 2793 1329 2847 καὶ
1350 2784 1432 2847 ἔστιν
1450 2787 1552 2851 εἰπεῖν,

377 2867 423 2929 ὅτι
442 2868 542 2942 ἐπειδὴ
562 2870 578 2928 ὁ
596 2866 798 2942 παρατατικδς
814 2877 910 2930 πλέον
927 2871 991 2931 έστλ
1008 2868 1085 2931 κατά
1100 2876 1153 2944 την
1169 2875 1315 2943 οημασλαν
1324 2877 1379 2931 τοῦ
1390 2870 1553 2937 ἐνεστῶτος

312 2963 361 3015 327
381 2945 410 3027 (ὅ
428 2951 484 3028 γάρ
501 2948 628 3020 ἐνεστώς
644 2946 800 3026 άκαριαῑδς
818 2956 890 3025 ἐστι,
907 2961 958 3015 καὶ
973 2950 1034 3028 ἅμα
1048 2961 1091 3032 τῷ
1106 2955 1248 3027 λέγεσθαι
1266 2952 1326 3029 ἔχει
1343 2959 1394 3013 καὶ
1409 2951 1444 3013 τά
1462 2948 1550 3013 εἶναι·

378 3038 447 3095 ool
468 3038 669 3109 παρατατικδς
689 3040 932 3113 παρατεταμένην
953 3037 1013 3113 ἔχει
1030 3044 1083 3112 την
1101 3037 1265 3112 σημασιάν),
1282 3036 1389 3098 τούτου
1407 3040 1493 3112 χάριν
1511 3030 1554 3104 ιάς
1604 3102 1608 3111 Ι

375 3126 562 3179 πλεονεκτῶν
573 3122 649 3181 κατὰ
665 3127 719 3196 την
736 3128 882 3195 σημασὶαν
898 3126 952 3182 τδν
969 3122 1127 3191 ένεστιῦτα,
1144 3127 1320 3182 πλεονεκτεῖ
1334 3130 1384 3182 καὶ
1403 3123 1479 3182 κατὰ
1498 3128 1551 3196 την

376 3206 474 3279 δρχην.
504 3204 542 3263 Et
558 3206 612 3262 hoc
630 3206 780 3263 admonere
798 3212 893 3281 potest
910 3209 1018 3266 solutae
1037 3208 1208 3280 quaestionis
1225 3210 1303 3282 apud
1314 3210 1456 3281 Moschop.
1468 3208 1549 3264 'litzii

376 3310 404 3362 p.
422 3296 453 3347 41
475 3291 534 3348 sive
551 3291 706 3347 Planudem
723 3293 896 3349 Baehmanni
917 3293 944 3347 H
960 3312 987 3366 p.
1006 3301 1038 3351 00
1062 3313 1111 3351 cur
1127 3302 1267 3366 χρυσοῦν,
1290 3296 1368 3365 quod
1383 3294 1496 3366 proprie
1513 3294 1550 3348 sit

374 3380 527 3448 χρυσεσῦν,
545 3377 736 3433 contruserint
752 3378 847 3445 llttici¹
865 3395 922 3435 non
941 3384 1107 3450 κεραμεοῦν
1123 3382 1153 3436 et
1168 3385 1320 3452 χυτρεοῦν.
1349 3375 1405 3435 ὅσα
1421 3378 1476 3447 μὲν
1493 3377 1550 3449 γάρ

377 3452 434 3516 άπὸ
451 3458 604 3529 μετάλλων
620 3455 692 3527 ἴσως
717 3456 766 3518 διά
783 3457 835 3533 τὴν
852 3462 1126 3535 συγκεκροτημένην
1143 3465 1194 3520 καὶ
1212 3457 1332 3520 εὔτονον
1350 3462 1447 3520 αὐτῶν
1462 3462 1551 3534 φύσιν
1704 3460 1707 3601 1

377 3547 518 3612 συνεῖλον,
536 3538 574 3602 τά
585 3537 615 3601 δ’
626 3538 684 3602 άπὸ
695 3551 789 3617 πηλοῦ
800 3538 850 3604 οἶα
862 3548 896 3617 δὴ
913 3540 1081 3620 εὔθραυστα
1099 3538 1274 3619 άσυναλρετα
1292 3543 1402 3604 εἴασαν.
1415 3545 1549 3602 —Varro
1705 3608 1707 3617 Ι

375 3628 393 3686 l.
410 3627 430 3686 l.
442 3627 468 3684 V
479 3634 512 3685 24
523 3648 551 3702 p.
565 3633 613 3686 122
626 3629 673 3701 Sp.
694 3630 823 3696 „Vallum
839 3630 886 3687 vel
903 3632 980 3700 quod
998 3648 1032 3687 ea
1049 3630 1174 3688 varicare
1191 3650 1273 3689 nemo
1291 3636 1392 3705 posset
1410 3632 1456 3688 rel
1473 3632 1549 3701 quod

376 3712 486 3783 singula
502 3713 543 3769 ibi
565 3715 691 3770 extrema
708 3716 809 3772 vacilla
831 3716 974 3772 furcillats
996 3716 1104 3772 habent
1121 3716 1239 3787 figuram
1255 3716 1367 3773 litterae
1385 3715 1435 3772 V“.
1466 3716 1549 3787 Apul

376 3796 411 3852 ‹le
434 3796 603 3868 diphthong.
627 3800 703 3869 526.
738 3800 886 3857 Saeculum
908 3818 959 3872 per
982 3818 997 3856 e
1018 3801 1103 3857 breve
1123 3801 1239 3857 deberet
1255 3800 1359 3867 notari,
1382 3801 1515 3872 quoniam
1531 3817 1551 3855 α

375 3897 483 3951 sequor,
501 3881 546 3938 vel
563 3886 597 3938 ut
613 3882 707 3955 placet
719 3885 838 3941 Varroni
857 3885 894 3955 (V
906 3891 921 3941 2
935 3904 964 3957 p.
981 3889 1029 3941 103
1042 3883 1099 3956 Sp.)
1118 3903 1218 3941 asena
1236 3886 1395 3942 densatum
1413 3889 1463 3941 est.
1494 3884 1549 3940 Sed

357 3963 443 4035 'quia
463 3983 523 4022 rem
544 3969 789 4038 productissimum
806 3969 985 4041 designabat,
1009 3968 1118 4041 placuit
1135 3973 1168 4026 ut
1186 3969 1244 4026 eius
1261 3969 1424 4042 principalis
1442 3969 1548 4040 syllaba

375 4050 585 4120 significationis
602 4071 685 4110 ταυτα
703 4056 905 4126 produceretur
923 4059 952 4111 et
970 4071 1022 4126 per
1039 4053 1246 4126 diphthongum
1267 4055 1352 4126 plane
1376 4055 1547 4126 dignoscere-

375 4140 428 4191 tur.
457 4136 522 4196 Seu.
541 4141 648 4208 quaest.
665 4142 725 4198 nat.
746 4139 775 4195 II
791 4147 824 4198 00
841 4140 967 4196 Dicimus
989 4138 1064 4195 enim
1086 4143 1118 4196 ut
1139 4139 1285 4210 splendere
1303 4139 1342 4195 sic
1359 4140 1475 4210 fulgere.
1509 4141 1548 4193 At

373 4218 429 4274 illis
447 4220 592 4295 (antiquis)
610 4223 647 4280 ad
664 4224 878 4294 significandum
894 4225 968 4281 hanc
986 4242 1001 4281 e
1018 4224 1140 4280 nubibus
1157 4224 1267 4279 nabitare
1283 4225 1354 4280 lucis
1372 4224 1547 4295 eruptionem

374 4321 433 4359 mos
450 4307 512 4360 erat
528 4308 622 4363 media
639 4308 748 4378 syllaba
766 4313 895 4381 correpta
913 4314 946 4366 ut
963 4309 1089 4366 dicerent
1105 4308 1222 4380 fulgere.
1251 4309 1358 4365 Decent
1376 4309 1447 4365 talia
1463 4308 1548 4364 Sene·

375 4406 435 4443 eam
453 4389 586 4459 Stoicum,
604 4397 637 4448 ut
655 4393 743 4450 Varro
761 4394 918 4451 Stoicorum
936 4395 1093 4451 doctrinam
1116 4394 1233 4458 rettulit.
1264 4395 1335 4451 ltem
1354 4395 1468 4450 nomina
1485 4410 1547 4449 rer·
