3425 4934
372 315 434 378 258
826 306 873 363 IV.
895 307 937 363 De
953 308 1091 380 prosodia.

309 474 530 558 strictimque
555 495 661 540 sermo
685 474 824 541 Graecus
850 475 947 541 etiem
973 477 1007 541 in
1029 496 1233 541 communem
1253 497 1348 541 usum
1370 481 1421 542 sat
1440 475 1547 541 mults

291 581 496 667 (210)recepit
520 582 621 667 (pror.
647 574 760 668 ἰσότης
786 574 928 670 φιλότης
953 583 1087 649 Aristot
1109 581 1186 648 Eth.
1208 581 1254 647 IX
1274 588 1307 659 8,
1329 588 1371 666 2).
1411 583 1456 648 Et
1476 583 1546 668 pri·

373 713 461 756 mum
481 689 663 755 factasunt
683 689 821 775 plurima
840 712 882 756 ex
901 690 1066 757 adjectivis
1087 690 1122 754 in
1144 711 1190 768 ος,
1213 711 1351 775 quorum
1370 690 1546 755 maximam

373 798 499 882 copiam
512 796 608 863 Plato
622 797 732 880 habet,
753 802 786 863 et
803 796 941 864 fortusse
954 799 990 864 iu
1011 820 1216 865 communem
1234 797 1428 864 Graecorum
1448 819 1546 863 usum

372 903 437 970 alia
464 926 630 989 uunquam
656 906 874 973 veneruntne
916 905 989 972 Hoc
1020 910 1144 971 certum
1174 910 1224 972 est
1249 908 1387 972 maxime
1414 927 1453 970 ex
1480 905 1546 969 hoc

374 1033 493 1098 genere
522 1033 588 1098 quo
620 1014 762 1098 pertinet
792 1012 927 1100 ὁηϊοτης
956 1016 1163 1099 (quemquem
1196 1013 1271 1078 iude
1301 1014 1342 1078 sb
1368 1011 1547 1079 Aristotele

373 1118 472 1184 etiam
496 1138 578 1203 quae
605 1143 625 1185 s
650 1121 860 1195 substantivis
885 1124 963 1187 suut
988 1126 1021 1187 et
1040 1121 1156 1188 nlie¹⁶⁹
1176 1120 1262 1206 apud
1283 1121 1456 1205 scriptores
1476 1118 1545 1183 ire·

374 1228 583 1310 quentsntur)
609 1228 795 1295 Aristarcho
822 1229 1094 1296 adiudicandum
1118 1230 1286 1315 ingentem
1313 1226 1547 1293 vocabulorum

374 1333 499 1419 copiam
512 1339 641 1419 praesto
655 1333 765 1401 fuisse.
802 1336 918 1402 Omnia
932 1341 1100 1402 accentum
1114 1336 1299 1404 habueruut
1311 1336 1345 1399 in
1355 1333 1545 1419 penultima.

373 1441 423 1505 De
453 1463 519 1507 uno
549 1437 717 1529 κουφότης
741 1445 939 1529 accepimus,
968 1444 1184 1511 Athenienses
1216 1443 1334 1508 dixisse
1364 1434 1543 1529 κουφοτής,

373 1549 488 1615 Arcsd.
510 1571 540 1634 p.
561 1554 602 1617 28
622 1554 690 1616 not.
727 1549 812 1629 Quid
832 1552 935 1617 movit
955 1575 1030 1618 eum
1049 1556 1088 1618 ut
1109 1546 1245 1638 ὀηὶότής
1265 1556 1299 1616 et
1319 1542 1484 1636 ἄνδρσεής
1504 1590 1546 1601 -

374 1679 416 1722 su
437 1650 603 1743 ἁδρότηςὲ
624 1694 662 1707 -
684 1660 764 1743 (non
784 1660 996 1726 dubitandum
1010 1662 1089 1745 quin
1109 1660 1172 1726 hoo
1187 1660 1285 1724 etism
1305 1659 1352 1724 sic
1372 1658 1547 1740 notaverit)

374 1766 408 1830 in
429 1765 545 1833 ultima
557 1769 707 1833 notaret?
727 1765 858 1834 Scilicet
877 1767 932 1833 hio
945 1772 1095 1834 accentus
1117 1767 1296 1851 antiquitus
1314 1766 1452 1832 traditus
1465 1771 1546 1833 erat

374 1870 457 1937 Mihi
477 1874 512 1939 in
532 1872 583 1940 his
604 1875 702 1941 rebus
723 1876 864 1941 versanti
883 1877 1002 1941 iterum
1022 1876 1204 1959 iterumque
1225 1875 1372 1953 occurrit,
1392 1873 1491 1940 etiam
1510 1873 1547 1937 iu

375 1979 626 2048 obsoletioribus
647 1983 816 2050 vocabulis
838 1983 981 2068 aliquam
1003 1983 1043 2049 de
1064 1986 1198 2048 accentu
1213 1982 1420 2049 traditionem
1441 1980 1550 2045 luisse.

373 2087 505 2155 Etenim
527 2091 653 2156 etiamsi
674 2113 834 2176 ponamus
861 2092 895 2156 in
917 2090 1062 2156 versibus
1083 2091 1256 2159 recitandis
1277 2094 1445 2156 accentum
1471 2109 1551 2153 voce

374 2219 441 2263 non
462 2201 611 2265 notstum
633 2221 716 2280 ease,
746 2222 844 2284 quum
864 2220 961 2283 saepe
983 2202 1075 2265 extra
1093 2221 1221 2265 versum
1243 2199 1340 2265 elium
1361 2197 1550 2262 Homerico·

293 2312 449 2386 (iturum
470 2307 698 2373 vocabulorum
718 2306 904 2393 proferendi
925 2307 1052 2372 occasio
1073 2311 1155 2386 erat,
1184 2307 1302 2392 purtim
1323 2293 1432 2371 eoram
1453 2303 1550 2369 disci-

374 2414 460 2499 pulis
480 2415 516 2480 in
535 2416 627 2495 ludo,
649 2417 767 2501 purtim
787 2415 823 2480 in
840 2414 1076 2499 rhspsodorum
1097 2417 1132 2480 et
1151 2412 1420 2499 philosophorum
1442 2411 1549 2477 consu

375 2522 608 2589 bulstionibus:
639 2527 677 2588 ut
700 2522 794 2589 facile
815 2521 952 2607 cogitari
982 2522 1087 2607 possit
1113 2520 1291 2586 multorum
1317 2518 1550 2585 vocabulorum

375 2634 525 2696 accentus
547 2632 639 2716 qussi
660 2653 718 2715 per
738 2652 853 2696 munus
873 2628 1011 2694 traditos
1033 2651 1136 2713 usque
1158 2629 1199 2694 ud
1217 2627 1454 2694 Alexandrinos
1475 2648 1550 2711 per·

211 2826 215 2835 1
310 2748 358 2800 rol
377 2741 510 2807 venisse.
550 2737 630 2824 (cfr.
652 2742 774 2824 quaest.
801 2760 850 2822 ep.
870 2760 902 2821 p.
926 2735 1011 2820 175.)
1050 2735 1096 2801 Et
1123 2757 1196 2800 cum
1223 2736 1308 2801 idem
1335 2755 1463 2813 sensus,
1493 2731 1550 2816 qui

375 2848 415 2912 sb
441 2847 535 2912 initio
561 2845 693 2912 vocibus
718 2867 795 2911 suos
814 2848 968 2911 accentus
989 2842 1200 2928 impertierat,
1222 2842 1278 2926 qui
1300 2842 1334 2907 in
1356 2839 1550 2925 quibusdem

375 2954 527 3040 areguln
547 2952 719 3030 deiecerat,
750 2953 848 3018 etiam
869 2955 985 3036 postes
1004 2951 1125 3017 valeret
1145 2952 1179 3015 iu
1201 2949 1388 3015 hominihus
1410 2947 1550 3023 Grseois

376 3083 414 3127 eo
435 3062 539 3148 magis
566 3062 606 3127 sd
626 3082 737 3126 verum
759 3063 792 3125 et
813 3060 993 3145 genuinum
1013 3058 1047 3123 iu
1067 3057 1129 3122 heo
1149 3080 1183 3122 re
1205 3055 1377 3122 inclinasse
1396 3053 1547 3122 censendi

375 3173 465 3233 sunt:
486 3190 682 3254 quemquem
696 3171 824 3253 poterat
844 3165 981 3231 subinde
1003 3165 1072 3230 fieri
1093 3166 1145 3247 (de
1166 3163 1230 3230 hoc
1250 3164 1458 3230 iudicandum
1478 3164 1547 3226 erat

374 3276 596 3362 grammatico)
622 3280 660 3342 ut
685 3275 797 3341 formis
819 3277 927 3338 certae
948 3274 1038 3358 genti
1065 3274 1256 3359 regiouique
1278 3271 1417 3358 propriis
1438 3270 1546 3334 animo

375 3385 619 3451 obversantibus
645 3385 686 3450 nb
713 3406 766 3462 eo,
794 3381 882 3468 quod
913 3381 1047 3467 antiqua
1073 3386 1106 3447 et
1130 3380 1310 3446 communis
1335 3379 1388 3443 lex
1414 3382 1447 3443 et
1467 3397 1547 3441 con·

375 3492 511 3558 suetudo
537 3472 676 3558 Graecae
707 3491 836 3577 linguae
868 3490 1031 3572 suaderet,
1062 3488 1276 3555 deflecterent.
1306 3523 1348 3533 -
1380 3485 1444 3551 Cur
1470 3506 1547 3550 vero

376 3599 554 3683 antiquitus
577 3600 717 3666 dixerint
741 3590 893 3685 όηὼτής,
920 3618 982 3683 ego
1009 3618 1075 3662 non
1097 3596 1201 3682 magis
1224 3615 1343 3679 qusero
1369 3615 1466 3677 quam
1491 3613 1550 3657 cur

374 3699 514 3793 ταχυτής
534 3711 568 3773 et
587 3702 755 3793 βραδυτής
774 3709 904 3791 praeter
925 3704 1079 3770 similium
1099 3703 1245 3789 regulam
1264 3701 1467 3776 invaluerint,
1488 3721 1549 3764 cur

375 3876 504 3947 sippeum
525 3871 715 3946 χαριεντότης
736 3874 849 3942 poterat
866 3870 950 3927 t‘scile
967 3869 1121 3940 negligere.
1155 3867 1210 3923 Sed
1227 3866 1379 3924 concedam
1396 3863 1549 3920 scirense

376 3962 450 4017 hauc
466 3957 644 4031 fflmmatioi
660 3974 775 4013 manum
793 3974 859 4014 esse.
888 3955 957 4026 (Gir.
974 3952 1130 4009 Lobeckius
1146 3952 1184 4008 ad
1200 3950 1363 4007 Buttmann
1381 3949 1407 4004 II
1424 3968 1452 4021 p.
1472 3952 1548 4017 418.)

442 4037 866 4116 vehementissimum
882 4056 940 4095 non
955 4042 1068 4095 tentum
1085 4040 1202 4109 propter
1218 4039 1349 4101 metrum,
1364 4034 1401 4089 de
1418 4051 1475 4103 quo
1492 4050 1549 4088 uno

376 4130 468 4185 adhuc
489 4127 631 4192 dhernnt.
653 4126 831 4182 mirationem
851 4124 927 4180 lacit
967 4123 1069 4193 Hymu
1091 4122 1173 4177 Mart.
1197 4126 1228 4177 1⁰
1253 4122 1395 4177 recentem
1415 4121 1548 4182 mutem,

376 4231 462 4284 quem
477 4212 595 4284 morit
611 4203 794 4277 Hennamus,
811 4209 909 4281 prodit
925 4208 1011 4265 etism
1027 4223 1087 4262 voc.
1104 4201 1213 4277 βιότης,

444 4301 482 4343 10⁹
498 4297 570 4352 llira
585 4313 640 4353 vox
657 4296 808 4366 rutrum,
824 4294 939 4350 Ammo
956 4291 1080 4362 memb.
1098 4308 1126 4360 p.
1144 4294 1201 4355 itt,
1221 4294 1232 4345 1
1246 4288 1349 4345 Bra-d.
1368 4290 1408 4358 (p.
1421 4288 1492 4343 9⁹5⁵
1503 4292 1545 4343 21.

377 4387 463 4441 1018·
481 4389 496 4437 7
515 4381 587 4449 Be),
604 4380 673 4436 dein
688 4379 766 4449 apud
780 4378 857 4435 alios.
