3425 4934
547 349 570 400 3.
597 341 638 400 Da
655 344 733 401 cultu
751 347 781 401 et
798 346 875 403 rictu
892 346 1015 403 heroum.
1306 356 1364 417 193

193 503 443 588 καθώπλισται,
465 505 599 589 πάντως
615 504 768 591 κάκεῖνος
787 502 853 594 εἶχε
874 509 982 601 ξίφος.
1016 510 1035 601 η
1056 510 1094 579 δὲ
1107 506 1264 602 ἀναφορὰ
1280 511 1366 596 πρὸς

193 611 391 702 Ζηνόδοτον.
422 621 453 681 Γ
464 624 523 689 361
536 611 708 707 Ἀτρείδης
721 617 758 687 δὲ
783 616 1005 706 ἐρυσσάμενος
1024 618 1123 710 ξίφος
1143 612 1365 708 ἀρμυρόηλονι

192 719 213 810 ἡ
238 723 270 830 δ..
288 720 341 791 ὅτι
361 719 461 811 ξίφος
481 719 557 806 tissa.
583 723 669 812 πρὸς
688 723 885 816 Ζηνόδοτον.

276 933 295 1017 ἕ
317 938 346 1000 3.
382 933 564 1000 Anneotam
591 936 644 1003 hio
671 937 735 1003 duo
765 937 925 1024 exempla,
949 938 1006 1003 ubi
1032 936 1161 1023 egregie
1191 957 1230 1000 ex
1251 936 1364 1023 cogni·

191 1040 281 1106 tione
303 1040 506 1126 antiquitatis
526 1042 716 1109 Homericae
739 1043 778 1110 de
803 1046 949 1111 versibus
977 1044 1153 1110 subdititiis
1175 1042 1362 1111 iudicatum.

275 1146 299 1213 l
338 1149 368 1212 Θ
391 1154 449 1217 185
471 1148 594 1217 Hector
615 1172 716 1236 equos
737 1151 920 1238 alloquensz

317 1251 432 1323 Ξάνθε
457 1277 494 1320 τε
518 1254 576 1323 καί
600 1254 638 1322 σί
669 1251 823 1343 Πόδαργε
848 1256 907 1325 καί
927 1249 1057 1325 Λίθων
1082 1248 1214 1339 Λάμπε
1238 1278 1274 1321 τε
1300 1254 1361 1335 δῖε,

317 1364 374 1426 νῦν
393 1384 454 1445 μοι
474 1360 536 1450 την
555 1360 702 1450 κομιδὴν
723 1356 921 1432 ἀποτίνετον
941 1403 991 1433 -.

192 1468 256 1535 Hic
280 1491 391 1536 versus
420 1471 560 1556 spurius:
598 1467 650 1538 ότι
680 1465 832 1556 οόδαμοῦ
848 1471 998 1558 Ὅμηρος
1026 1465 1219 1556 τεθρίππου
1244 1473 1362 1557 χρῆσιν
1374 1479 1445 1551 (196)

192 1570 398 1662 παρεισάρει.
432 1574 574 1661 μάχεται
589 1577 627 1646 δὲ
639 1578 698 1647 καί
710 1578 751 1645 τὰ
767 1572 959 1665 ἐπαγόμευα
973 1573 1133 1657 dotem,
1155 1574 1212 1643 καί
1226 1572 1246 1665 ἡ
1262 1598 1362 1662 προσ·

193 1677 343 1772 φτόνησις
362 1677 498 1773 εὐήθης.
538 1689 569 1751 Ε
589 1695 648 1757 195
674 1685 768 1773 παρὰ
796 1684 834 1754 δέ
860 1709 941 1777 σφιν
962 1678 1090 1772 ἓκάστιμ
1112 1679 1240 1770 δίζυγες
1260 1683 1364 1750 ίπποι

192 1784 323 1857 ἑστᾶσιν
351 1788 405 1858 ότι
431 1786 492 1861 driu
518 1793 640 1873 ἵπποις
661 1794 811 1880 ἐχρῶντο.
851 1801 914 1865 272
933 1792 979 1861 τὼ
1002 1790 1039 1860 δὲ
1060 1785 1123 1858 od:
1149 1788 1202 1858 ότι
1223 1785 1283 1859 δόο
1306 1791 1364 1857 ἵπ-

192 1922 273 1977 ποις
292 1896 441 1985 otono.
473 1895 544 1990 ἡδ’
568 1896 724 1992 ἀναφορὰ
738 1900 825 1990 πρὸς
843 1901 883 1970 τὸ
903 1898 1068 1986 τέτρωρον
1089 1895 1233 1980 ,,Ξάνθε
1251 1922 1288 1964 τε
1307 1897 1364 1965 καί

192 2005 232 2071 σὺ
247 2002 425 2092 Πόδαργε(ε
438 2048 489 2073 -.
528 2013 631 2082 6109
652 2006 686 2097 (ἡ
710 2011 753 2096 δ.)
775 2006 826 2079 ότι
846 2002 1022 2097 τετήρηται
1042 2001 1120 2094 παρ’
1144 2001 1235 2093 αὐτῷ
1253 2010 1364 2073 καθα·

192 2117 259 2198 ρῶς
284 2113 327 2181 τὰ
356 2114 455 2183 δυῖκὰ
483 2114 541 2183 καί
568 2122 625 2184 νῦν
648 2114 695 2197 ὡς
723 2116 782 2186 ἐπὶ
809 2114 869 2185 όόο
895 2118 1010 2183 ίππων
1031 2112 1231 2201 διαλέγεται.
1273 2120 1305 2178 Ζ
1323 2121 1364 2185 38

192 2221 288 2288 ἵππω
311 2222 432 2303 δυϊκιῦς
451 2217 498 2303 ὥς
518 2223 577 2293 ἐπί
597 2221 775 2313 ξυνωρίδος
794 2221 870 2315 ἐφη.
911 2229 1015 2297 6290
1035 2216 1208 2312 iiaolnod'
1232 2216 1273 2308 ἠδ
1294 2217 1362 2288 δόω

192 2329 334 2410 ίππουςι
355 2325 388 2420 (ἡ
405 2333 447 2418 δ.)
469 2329 523 2400 ότι
545 2327 606 2400 δύο
627 2334 749 2413 ἵπποις
769 2331 920 2422 ἐχρῶντο.
960 2337 1066 2403 Ψ276
1088 2328 1141 2400 ὅτι
1163 2330 1285 2409 δυϊκιῦς
1300 2354 1363 2396 πε-

191 2432 401 2523 ριβάλλετον·
429 2437 586 2527 συνωρίδι
607 2440 670 2531 γὰρ
692 2440 843 2528 ἐχρῶντο.
880 2447 920 2508 Λ
940 2449 1001 2513 699
1021 2439 1079 2507 καί
1101 2439 1163 2526 γὰρ
1185 2441 1233 2525 τῷ
1251 2440 1361 2524 λρὸῖθς
1380 2450 1427 2502 196

190 2541 262 2633 μέγ’
286 2540 436 2636 όφέλλετ’
460 2547 495 2615 ἐν
508 2543 630 2618 Ἤλιδι
650 2545 706 2639 δίη
726 2549 884 2633 τέσσαρες
905 2543 1102 2640 ἀθλοφόροι
1123 2548 1228 2614 ἵπποι
1249 2541 1363 2614 αὐτοῖ-

192 2677 245 2721 σιν
266 2648 413 2745 όχεοφιν,
437 2650 595 2737 ἐλθόντες
613 2653 683 2742 μετ’
706 2653 833 2725 ἀεθλα·
859 2656 937 2744 περὶ
955 2652 1118 2744 τρίποδος
1138 2653 1201 2741 γὰρ
1222 2650 1362 2739 ἔμελλον

191 2757 395 2829 θεύσεσθαι·
422 2762 500 2843 τοὺς
529 2758 561 2831 δ’
585 2757 671 2833 αὖθι
692 2758 779 2847 ἀναξ
803 2762 930 2851 ἀνδρῶν
950 2758 1103 2849 Αὐγείας
1123 2759 1281 2844 κάσχεθε,
1305 2759 1362 2829 τὸν

192 2863 225 2936 δ’
248 2865 379 2960 ἐλατῆρ’
403 2865 499 2960 ἀφίει
520 2867 730 2962 ἀκαχήμενον
750 2873 880 2939 ἵππωντ
907 2867 940 2958 (ἡ
962 2871 1080 2957 διπλῆ)
1101 2864 1154 2938 ότι
1176 2866 1362 2962 φαντασίαν

259 3109 296 3151 ¹¹⁸
311 3105 415 3164 Notum
430 3125 487 3177 qua
503 3108 612 3165 ratione
629 3107 741 3163 dualem
758 3107 913 3163 defendant
931 3106 975 3177 (ef.
987 3104 1132 3161 Reimnitz.
1149 3105 1184 3161 de
1197 3103 1267 3160 deal.
1285 3122 1312 3175 p.
1326 3105 1361 3176 9).

191 3190 251 3247 flou
259 3190 420 3248 Aristarcho
432 3193 518 3249 etiam
530 3193 693 3249 inurentem
708 3192 815 3248 veniae
832 3190 902 3245 mihi
920 3189 1111 3255 certissimum,
1129 3189 1233 3245 etenim
1251 3189 1288 3244 ad
1305 3207 1361 3245 ma

190 3293 258 3330 num
275 3280 329 3333 est:
357 3277 407 3332 sed
430 3276 471 3331 illi
493 3279 638 3348 praeterea
659 3277 690 3332 in
711 3280 836 3334 mantem
858 3278 975 3332 venerat
996 3291 1129 3344 quaerere
1152 3292 1237 3344 quam
1263 3278 1361 3345 aptum

190 3365 273 3425 esset,
296 3378 381 3431 quam
403 3361 519 3431 dignum
536 3361 670 3426 Homero,
691 3362 749 3426 hio,
772 3362 821 3418 ubi
842 3361 881 3416 ad
901 3377 987 3415 unam
1009 3358 1182 3428 eandemque
1199 3377 1258 3415 rem
1276 3376 1362 3429 equos

189 3461 260 3508 suos,
278 3463 347 3516 quos
359 3449 494 3502 anaante
506 3465 617 3502 currum
629 3446 772 3518 conspicit
791 3445 896 3502 Hector
907 3445 1082 3506 adhortatur,
1099 3443 1209 3514 singula
1225 3461 1361 3513 equorum

189 3529 270 3598 paria
286 3530 404 3600 alloqui,
429 3534 458 3587 et
474 3535 632 3601 praeterea,
655 3530 793 3602 quidquid
811 3530 868 3586 dici
885 3532 991 3601 potest,
1014 3546 1047 3585 eo
1068 3527 1161 3584 minus
1183 3528 1276 3585 valere
1298 3548 1362 3585 oum

189 3612 273 3684 plura
289 3616 319 3670 et
335 3614 434 3685 gravia
450 3615 556 3672 indicia
573 3619 747 3672 concurrant.
782 3615 864 3682 Quod
881 3615 919 3669 ad
935 3613 1048 3669 dualem
1066 3612 1183 3676 attinet,
1204 3630 1257 3669 nec
1275 3609 1362 3683 διψτσι

189 3700 273 3753 λίνου
292 3692 397 3755 ἁλόντε
419 3701 459 3771 (Ε
476 3703 540 3771 481>
562 3717 614 3756 neo
637 3697 794 3772 χείμαρροι
813 3697 1013 3770 συμβάλλετον
1041 3697 1079 3766 (Δ
1101 3701 1166 3764 los>
1187 3716 1240 3754 neo
1260 3694 1361 3770 κούρω

188 3781 346 3852 κρινθέντε
363 3777 423 3839 δόω
441 3786 493 3840 καί
508 3785 694 3855 πεντήκοντα
711 3785 810 3854 <θ18>
828 3783 865 3838 ab
883 3782 933 3839 illo
950 3781 1085 3838 acerrimo
1103 3781 1193 3838 dualis
1212 3782 1289 3853 apud
1305 3783 1361 3840 Ho-

189 3879 298 3921 merum
314 3866 425 3924 vindiee
442 3867 603 3939 improbata
619 3868 785 3939 accepimus
814 3868 851 3925 Et
862 3866 933 3922 illud
950 3866 1027 3936 quod
1046 3870 1089 3922 est
1105 3867 1192 3923 11171
1214 3869 1319 3924 πολλοὶ
1336 3859 1361 3923 δ’

189 3946 223 4006 ἐν
238 3943 343 4026 τάφρφ
360 3945 562 4024 ἐρυσάρματες
583 3945 675 4018 υίκέες
692 3948 780 4009 ‘lunas
801 3943 901 4017 ἄξαντ’
922 3947 956 4007 ἐν
976 3944 1085 4024 πρώτην
1104 3949 1187 4024 ῥυμῷ
1208 3954 1295 4008 λίπον
1311 3941 1361 4023 tta-

188 4026 257 4102 μετ’
273 4029 408 4092 ἀνάκτων
428 4053 466 4091 an
484 4037 595 4094 dubitas
613 4037 682 4108 quin
698 4037 790 4108 ipsum
812 4039 942 4093 notatum
958 4035 1090 4091 habuerit
1105 4035 1142 4090 ad
1160 4037 1295 4093 tuendam
1312 4039 1361 4093 ob·

188 4119 376 4175 servationem
397 4119 431 4176 de
449 4120 522 4192 bigis
541 4123 669 4188 heroum,
692 4123 731 4178 sio
747 4123 818 4179 fere:
843 4115 919 4193 πρὸς
939 4115 976 4176 τό
998 4115 1107 4188 ἄξαντ’,
1134 4111 1180 4176 ότι
1203 4124 1362 4192 συνωρίσιν

188 4200 321 4273 ἐχρῶντο
339 4203 369 4260 ol
387 4193 500 4275 ἦραεςθ
517 4206 606 4262 Sahal
618 4208 665 4262 BL
677 4208 752 4279 πρὸς
763 4202 817 4272 τὰς
827 4201 991 4277 συνωρίδας
1003 4196 1050 4268 αἶς
1068 4201 1200 4275 ἐχρῶντο
1217 4209 1315 4277 Τρῶες
1331 4207 1359 4279 (l

188 4277 292 4358 ἥρωες)
309 4281 347 4343 τό
363 4282 473 4346 δυϊκόν.
506 4290 566 4347 Ηοα
587 4290 649 4348 loeo
673 4291 801 4363 egregius
825 4290 915 4347 dualis
938 4291 968 4346 et
988 4306 1046 4344 non
1067 4287 1158 4345 minus
1177 4295 1259 4362 aptus
1276 4309 1361 4361 quam

187 4371 236 4428 illo
253 4371 317 4428 loeo
333 4372 452 4444 ineptus

239 4459 348 4510 ΙιεΙιττ,
362 4460 497 4504 Δείιιετείι.
1121 4465 1151 4515 13
