3425 4934
747 1217 1050 1336 Dissertatio
1087 1220 1174 1334 IH.

436 1463 502 1545 De
535 1463 813 1572 explicatione
850 1474 1001 1573 poetae
1041 1472 1246 1572 quatenus
1280 1463 1436 1573 pendet
1465 1492 1489 1543 a

579 1604 752 1685 scientia
786 1604 1046 1712 antiquitatis
1075 1601 1337 1688 Homericae.

457 1990 523 2058 'l'ot
536 1991 766 2057 vocabulorum
780 2012 841 2057 usu
855 1990 1029 2058 Homerico
1044 1991 1281 2058 accuratissime
1300 1994 1432 2078 cognito
1455 1994 1548 2078 quasi

374 2102 626 2167 instrumentum
659 2098 722 2164 sibi
750 2104 919 2183 paraverat
948 2100 1176 2187 grammaticus
1204 2100 1490 2168 excellentissimus
1514 2105 1549 2167 et

378 2209 418 2274 ad
435 2209 531 2275 crisin
546 2206 754 2275 exercendam
773 2208 807 2271 et
828 2207 869 2273 ed
889 2208 1115 2293 antiquitatem
1129 2206 1335 2275 Homericam
1354 2230 1547 2295 pernoscen-

379 2317 466 2394 dam,
496 2338 578 2401 quae
606 2314 741 2381 scientia
767 2334 840 2379 cum
861 2314 919 2380 illa
943 2314 1120 2380 arctissime
1146 2316 1318 2383 coniuncta
1344 2320 1378 2384 et
1403 2339 1548 2383 connexa

379 2429 437 2490 est.
485 2422 657 2489 Praeterea
686 2442 758 2487 cum
795 2422 929 2488 eandem
961 2444 1059 2507 quam
1089 2424 1155 2492 iam
1181 2426 1393 2512 cognorimus
1420 2422 1549 2490 afferret

378 2529 569 2597 observandi
588 2527 790 2614 diligentiam
813 2533 846 2594 et
867 2528 1079 2597 subtilitatem
1098 2532 1276 2618 iisdemque
1297 2533 1477 2600 rationibus
1496 2533 1548 2598 in·

377 2638 543 2716 niteretur,
564 2640 602 2702 ut
622 2641 657 2702 et
675 2635 802 2703 fabulas
823 2641 857 2703 et
877 2641 982 2704 terrae
1003 2639 1150 2725 coelique
1173 2640 1422 2726 descriptionem
1443 2645 1478 2708 et
1496 2664 1548 2707 ar·

377 2750 444 2810 tem
469 2747 585 2830 poetae
610 2765 677 2810 non
702 2744 765 2810 nisi
786 2766 825 2810 ex
845 2744 917 2830 ipso
943 2765 1074 2831 unoque
1095 2746 1238 2814 Homero
1258 2747 1433 2833 expediret,
1463 2748 1548 2815 lianc

377 2874 506 2939 quoque
534 2875 603 2918 rem
628 2852 763 2919 cessisse
790 2852 911 2939 optime
935 2852 985 2919 vel
1010 2853 1177 2941 incognita
1204 2877 1300 2922 causa
1327 2856 1547 2922 concedemus.

376 2959 461 3025 Hinc
493 2958 684 3046 allegoricae
717 2960 977 3045 interpretationi
1009 2960 1137 3027 obstitit
1162 2964 1203 3045 (v.
1230 2962 1331 3029 Wolf.
1357 2986 1390 3050 p.
1416 2962 1549 3047 CLXV),

376 3066 556 3132 fabularum
571 3068 805 3133 enarrationem
820 3069 861 3134 ab
884 3067 972 3134 omni
992 3070 1176 3154 temporum
1196 3071 1385 3137 confusione
1406 3072 1549 3137 vindica·

376 3174 431 3253 rit
452 3195 511 3239 nec
530 3173 565 3239 iu
578 3178 748 3260 regionum
762 3175 871 3240 necin
892 3174 974 3240 coeli
996 3176 1182 3262 cognitione
1203 3178 1277 3263 plus
1298 3179 1413 3245 tribuit
1431 3182 1549 3265 poetae

377 3303 474 3367 quam
494 3282 636 3347 carmina
654 3285 834 3369 praestant,
867 3282 1005 3367 denique
1032 3283 1189 3369 quidquid
1216 3285 1255 3350 de
1282 3285 1372 3353 cultu
1397 3287 1549 3372 victuque

376 3389 506 3455 illorum
527 3389 694 3455 hominum
720 3390 800 3455 scire
826 3411 957 3456 necesse
983 3394 1048 3468 est,
1079 3392 1216 3458 maxime
1243 3415 1280 3459 ea
1304 3393 1390 3460 unde
1410 3392 1550 3479 plurima

376 3496 533 3582 pendent,
561 3519 644 3583 quae
671 3498 789 3564 iterum
816 3497 999 3584 iterumque
1020 3503 1202 3581 recurrunt,
1231 3522 1271 3567 ex
1290 3501 1369 3586 ipsis
1390 3501 1549 3587 poematis

377 3626 503 3670 summa
528 3626 601 3671 cum
628 3605 816 3671 assiduitate
849 3606 943 3673 eruit.
978 3605 1123 3673 Primum
1150 3608 1214 3674 hoc
1238 3608 1319 3675 duce
1346 3608 1472 3675 coelum
1497 3608 1550 3674 lu·

377 3716 515 3778 stremus
542 3717 576 3780 et
596 3712 711 3793 Divos,
741 3713 815 3778 dein
842 3714 885 3780 ad
910 3713 1057 3781 homines
1078 3719 1176 3800 atque
1197 3717 1232 3781 in
1252 3716 1340 3782 hunc
1361 3716 1472 3782 orbem
1494 3716 1550 3782 de·

377 3821 576 3887 scendamus.
