3425 4934
689 349 711 401 ³·
734 345 819 415 stlt-
1299 352 1339 412 77

170 512 231 578 Sed
250 514 431 598 accepimus
452 512 545 581 hsec:
564 504 777 595 Ἀρίσταρχος
796 505 872 598 luxti
893 533 929 575 τε
950 509 1052 588 πόνος
1070 528 1118 576 τε·
1141 502 1179 575 οὐ
1203 506 1265 595 γὰρ
1288 505 1340 594 φέ-

167 617 242 704 yon.i
261 644 316 685 ται
339 618 435 707 φυγή.
470 619 543 685 Ηοο
557 624 607 686 est
620 620 759 706 Didymi.
795 620 944 685 Alterum
959 619 1046 704 quod
1065 619 1178 685 eodem
1198 618 1271 684 loco
1292 616 1340 683 le·

169 728 273 814 pimus
294 721 327 816 (ἡ
344 725 463 813 διπλῆ)
484 723 537 793 ότι
550 724 612 813 τὴν
624 726 708 810 μετὰ
725 724 820 804 δόους
841 725 947 815 φυγὴν
962 723 1072 813 φόβον
1091 720 1228 812 εἴρηκεν,
1253 726 1340 811 quod

169 836 386 901 Aristonicum
407 834 550 916 simulat,
573 836 691 921 duplici
712 836 809 901 modo
831 835 948 900 mirum
970 839 1028 901 est
1066 832 1151 900 Nem
1173 837 1206 899 et
1225 833 1340 898 falsam

167 942 201 1007 in
228 943 402 1028 exemplari
434 964 492 1008 suo
517 944 668 1009 habuisse
693 944 866 1009 lectionem
884 965 944 1009 uec
964 942 999 1008 id
1020 942 1158 1009 sensisse
1177 942 1340 1027 putandus

169 1050 227 1115 erit
249 1054 282 1115 et
304 1050 400 1115 simul
422 1053 491 1134 ipse
511 1050 595 1116 falso
618 1051 807 1137 explicuisse
827 1047 887 1138 τὴν
906 1047 991 1132 μετὰ
1014 1046 1111 1126 δέους
1131 1041 1248 1137 φυγήν.
1290 1047 1340 1113 De

167 1178 230 1240 qno
251 1160 355 1222 restet
373 1162 411 1223 ut
431 1181 580 1225 moneam
602 1183 640 1225 ec
659 1159 726 1225 fere
747 1161 897 1244 repetens
918 1178 1001 1241 quae
1028 1156 1094 1223 dixi
1122 1156 1207 1241 apud
1227 1155 1339 1221 Fried-

166 1263 352 1333 leenderum
373 1266 515 1332 Ariston.
538 1290 568 1352 p.
594 1274 660 1334 101.
701 1265 830 1332 Scilicet
850 1268 902 1330 tot
922 1266 1014 1344 locis,
1035 1287 1116 1349 quos
1139 1265 1339 1329 enumeravi-

167 1394 246 1451 mus,
267 1373 302 1436 in
318 1372 435 1456 quibus
451 1374 489 1439 de
505 1374 741 1460 significatione
755 1375 843 1439 vocis
859 1369 966 1460 φόβος
987 1376 1020 1437 et
1035 1372 1222 1459 φοβεῖσθαι
1245 1373 1340 1437 doce-

166 1501 246 1558 mur,
266 1480 371 1545 tribus
385 1482 609 1548 tantummodo
624 1480 705 1547 locis
723 1485 828 1546 metus
850 1480 1017 1545 notionem
1039 1478 1136 1565 fugae
1157 1480 1340 1544 adiunctam

165 1587 302 1652 inveniri
326 1588 500 1672 permirum
526 1593 589 1668 est,
615 1588 770 1654 hocloco
793 1594 826 1654 et
845 1591 876 1650 Σ
893 1594 953 1656 247
975 1582 995 1676 ἡ
1015 1585 1099 1670 μετὰ
1122 1582 1219 1664 δέους
1239 1581 1338 1675 φυγή,

166 1698 198 1758 et
216 1698 246 1757 1(
263 1702 301 1763 10
316 1690 335 1783 ἡ
353 1692 438 1778 μετὰ
459 1698 566 1783 φυγῆς
588 1691 759 1773 δειλίασις.
796 1695 869 1761 Hoc
886 1695 1104 1760 Aristonicum
1126 1695 1189 1761 sibi
1209 1717 1340 1780 pessum

166 1823 237 1867 csse
259 1803 404 1868 excidere
426 1802 525 1888 longe
546 1803 711 1890 longeque
733 1803 840 1869 minus
861 1803 1033 1868 verisimile
1060 1825 1157 1888 quem
1177 1802 1252 1867 illos
1273 1806 1339 1867 tres

165 1907 259 1975 locos
285 1909 390 1974 eliens
416 1933 514 1976 menn
541 1916 710 1997 corruptos
738 1911 779 1976 ed
809 1932 870 1975 nos
895 1912 1087 1995 pervenisse.
1134 1910 1339 1975 Aristarchus

167 2020 253 2081 certe
278 2017 467 2102 simpliciter
488 2020 641 2084 docuerat
658 2013 765 2105 φυγήν
785 2022 818 2082 et
845 2013 980 2105 φεύγειν
1000 2017 1197 2104 significare,
1226 2017 1340 2082 adiuu-

166 2126 252 2188 ctum
273 2128 379 2189 metus
400 2125 670 2210 significationem
688 2126 761 2192 voci
783 2122 870 2214 φόζα
891 2149 964 2192 cum
984 2126 1051 2191 suis
1073 2125 1274 2191 attribueret.

247 2229 318 2297 Nec
350 2234 539 2321 φοβεῖσθαι
562 2229 608 2323 μή
641 2238 691 2299 est
721 2234 806 2320 apud
835 2233 1015 2299 Homerum
1044 2255 1104 2298 nec
1134 2225 1243 2319 φόβος
1268 2253 1341 2296 cum

166 2339 309 2425 genitivo
330 2340 391 2407 rei:
413 2361 494 2424 quae
516 2341 601 2427 apud
621 2343 816 2427 posteriores
838 2341 946 2426 epicos
967 2341 1104 2406 inveniri
1125 2338 1209 2405 infre
1230 2343 1339 2405 osten·
1357 2353 1388 2403 77

166 2445 248 2526 dnm,
268 2448 307 2511 ut
328 2446 422 2512 decet
442 2448 528 2534 apud
549 2471 604 2515 eos
627 2450 744 2535 quibus
766 2450 955 2536 φοβεῖσθαι
974 2448 1089 2514 timere
1111 2453 1168 2515 est

697 2860 813 2947 Φόζα
1356 2878 1411 2950 (91)

192 3017 323 3104 quando
343 3016 457 3106 fupam
476 3020 636 3106 mpmflcuc
656 3042 690 3083 eo
711 3018 820 3103 deffere
840 3042 862 3082 α
882 3011 1001 3106 φόβος,
1023 3015 1107 3101 pund
1126 3014 1310 3080 adiunctam

443 3126 536 3191 tabet
553 3128 707 3191 swtc‘oncm
726 3140 828 3191 mcccc
848 3124 899 3190 vel
914 3126 1069 3213 οφιισυιλια

246 3290 404 3377 Apollon.
414 3291 476 3356 lex.
487 3290 528 3357 Η.
539 3283 753 3375 Ἀρίσταρχος
765 3286 987 3378 σεσημείωται
998 3283 1053 3355 ότι
1066 3280 1222 3376 συνήθως
1234 3285 1341 3374 φόβος

164 3394 221 3464 ἐπὶ
234 3402 300 3488 ’τῆς
321 3399 436 3485 φυγῆς,
460 3391 549 3484 φύζα
571 3393 609 3462 δὲ
630 3393 687 3463 inl
707 3404 767 3486 τῆς
781 3394 866 3480 μετὰ
881 3392 1010 3475 δειλίας
1023 3400 1137 3485 φυγῆς.
1173 3396 1341 3483 Significat

163 3511 274 3573 sutem
298 3505 412 3591 fugem
434 3505 556 3591 ubique
577 3509 710 3592 excepto
731 3526 798 3572 uno
819 3504 894 3572 loco
916 3509 936 3570 1
954 3513 974 3574 2
997 3498 1087 3594 φόζα
1109 3496 1220 3592 φόβου
1240 3496 1341 3588 κρυό-

163 3635 255 3693 ειτος
284 3607 408 3701 ἑταίρη.
448 3612 514 3680 Ubi
534 3613 686 3701 legimus:
714 3607 747 3701 (ἢ
771 3612 876 3702 διπλῆ
898 3607 963 3699 ότι)
990 3605 1079 3700 φόζα
1099 3604 1167 3698 (ἀεὶ
1186 3606 1260 3694 μὲν)
1281 3631 1340 3696 ση-

162 3716 278 3803 μαίνει
302 3718 362 3809 τὴν
385 3718 470 3803 μετὰ
498 3716 595 3797 δέους
621 3721 751 3803 (melius
770 3720 923 3807 Apellen.
947 3713 1087 3803 δειλίας)
1107 3713 1227 3808 φυγήν·
1255 3713 1340 3783 ὅθεν

164 3826 221 3894 καί
241 3829 429 3919 φυζακινῇς
448 3823 608 3916 ἐλάφοισι
628 3833 676 3910 (Ν
696 3832 778 3913 102).
814 3833 871 3893 νῦν
892 3824 930 3894 δὲ
950 3822 1154 3915 ἔκπληξις48.
1175 3868 1216 3877 -
1236 3826 1340 3913 Egre-

164 3938 219 4023 gie
237 3936 422 4005 observatio
438 3941 471 4003 et
484 3937 658 4017 verissime,
679 3959 776 4021 quum
798 3960 840 4003 ne
862 3937 935 4022 quis
956 3936 1122 4002 cavilletur
1143 3935 1260 4000 summi
1280 3934 1340 3999 viri

163 4050 272 4112 motus
293 4046 497 4127 anctoritate,
516 4044 726 4111 Immnnuelis
747 4043 903 4126 Belslseri‚
923 4045 958 4109 in
979 4043 1154 4129 Epimetris
1175 4041 1251 4107 huic
1272 4041 1340 4107 edi·

164 4153 247 4247 tioni
268 4153 499 4219 accedentibus
520 4153 711 4220 cavebimus.

228 4324 255 4363 ⁴⁸
273 4318 420 4388 Quidquid
437 4317 472 4374 de
490 4320 621 4388 corrupto
640 4315 701 4371 loco
720 4315 863 4388 Apollonii
881 4317 921 4373 lv
938 4323 954 4372 ό
971 4318 1117 4379 statuetur,
1135 4314 1189 4368 hoc
1207 4311 1340 4369 sentimus

164 4403 302 4459 vocabulo
319 4395 402 4474 φόζτ
418 4418 519 4473 purum
534 4405 602 4473 epte
620 4417 701 4455 nsum
718 4417 785 4457 esse.
