3425 4934
369 327 393 380 2.
415 322 527 394 Didymi
543 322 616 378 liber
633 321 668 377 de
685 320 837 377 Aristarchi
854 322 978 378 editione
996 322 1117 378 Homeri.
1285 332 1323 392 21

155 492 225 558 Hac
246 493 334 557 enim
355 496 434 577 puto
456 494 626 558 verborum
647 491 857 558 collocatione
876 491 1034 578 Didymus
1054 515 1132 557 usus
1154 498 1230 558 erat.
1266 494 1324 557 At
1337 492 1392 563 (24)

156 604 265 665 tamen
291 622 359 665 non
387 600 555 666 celandum
577 602 627 664 est
647 622 747 664 unum
770 621 839 665 esse
862 600 966 665 editae
987 599 1136 665 lectionis
1156 600 1327 685 refugium,

155 711 193 772 nt
216 704 484 789 μεταλαμβάνειν
514 730 572 771 sua
599 711 713 772 natura
742 708 888 792 deposita
914 729 948 771 se
974 707 1262 772 accommodaverit
1286 708 1327 772 ad

155 814 294 880 eliorum
309 816 511 900 quorundam
525 815 806 894 constructionem,
823 837 905 899 quae
920 815 1123 900 interpretari
1136 813 1327 900 significant,

154 943 236 986 max
265 915 483 988 ἀποδιδόναι.
524 921 679 1007 Porphyr.
700 924 733 984 A
757 929 772 989 1
795 915 814 986 ὁ
836 917 897 1002 μὲν
915 913 1128 1004 Ἀρίσταρχος
1148 919 1186 985 τὸ
1208 913 1327 1008 ήχορό·

157 1051 241 1094 ωντο
261 1021 476 1094 ἀποδέδωκεν
497 1021 570 1093 ἀντὶ
589 1032 648 1092 τοῦ
670 1021 878 1115 ἠθροίζοντο.
914 1027 997 1094 Item
1012 1031 1053 1091 M
1066 1034 1127 1097 258
1149 1030 1188 1112 (v.
1210 1028 1327 1094 similia

158 1141 281 1221 quaest.
297 1138 352 1203 Ar.
367 1159 450 1223 spec.
464 1160 494 1222 p.
509 1138 568 1219 36).
603 1134 667 1201 Sed
688 1137 723 1201 in
744 1136 815 1221 ipso
836 1138 935 1202 verbo
954 1128 1222 1219 μεταλαμβάνειν
1243 1135 1327 1201 hanc

156 1244 236 1309 mihi
268 1246 443 1311 occurrisse
476 1244 748 1315 constructionem
780 1266 866 1308 nunc
900 1248 986 1310 certe
1018 1268 1084 1311 non
1116 1243 1256 1308 memini.
1286 1284 1326 1292 -

157 1351 252 1429 Quod
282 1342 326 1416 αὖ
355 1345 392 1418 τό
426 1353 523 1418 scribi
550 1351 699 1417 volumus
729 1374 788 1435 pro
821 1343 903 1414 αὐτό
936 1368 1003 1414 non
1030 1353 1106 1433 eget
1131 1349 1324 1415 defensione.

156 1457 310 1545 Sequitur

229 1559 289 1630 ’Ἐν
309 1589 375 1630 τινι
388 1569 454 1631 τῶν
468 1560 702 1653 ἠκριβωμένων
716 1560 920 1651 ποιημάτων.
954 1566 1106 1652 Legimus
1125 1568 1156 1626 Φ
1172 1569 1231 1632 130
1246 1564 1326 1629 haec

157 1674 301 1759 Didymi:
331 1667 544 1759 Ἀρίσταρχος
568 1672 625 1739 διὰ
651 1678 716 1737 τῶν
741 1668 977 1759 ποιημάτωνῧ·
997 1664 1217 1758 Ἀριστοφάνη
1247 1666 1328 1757 φησὶ

158 1776 287 1861 στίχους
306 1775 345 1862 ’ἐξ
360 1775 561 1869 ήθετηκέναι
583 1823 631 1844 -.
654 1784 700 1848 At
714 1783 891 1849 sexcenties
913 1782 993 1846 dixit
1006 1779 1164 1865 Didymus
1185 1776 1241 1844 διὰ
1262 1780 1328 1843 τῶν

158 1883 412 1976 ὑπομνημάτων.
453 1890 499 1956 Et
525 1891 571 1956 sic
593 1891 796 1956 scribendum
819 1893 869 1954 est
889 1892 922 1954 et
942 1888 972 1952 h.
993 1888 1015 1953 l.
1038 1892 1071 1953 et
1093 1891 1122 1950 Γ
1140 1893 1201 1955 272
1224 1881 1328 1963 οὕτως

155 1989 363 2079 Ἡρωδιανὸς
384 1993 419 2062 ἐν
438 2000 486 2083 τῷ
505 1989 537 2081 β
559 1991 726 2083 ποιήματι
751 1998 847 2083 <corn
869 1996 997 2062 Bekker
1022 2020 1053 2082 p.
1076 1995 1153 2080 823>
1180 1997 1226 2079 τῷ
1252 1991 1329 2078 περὶ

159 2107 284 2169 παθῶν
304 2100 472 2187 Διδύμον,
499 2111 538 2172 ut
559 2109 588 2169 P
604 2112 664 2174 201
693 2103 780 2192 ζητεῖ
805 2098 1049 2185 ὁἩρωδιανὸς
1070 2099 1104 2167 ἐν
1128 2105 1174 2187 τῷ
1194 2096 1226 2166 α’
1246 2096 1327 2166 irco-
1342 2116 1373 2167 21

159 2206 305 2300 μνήματι
332 2215 392 2278 τοῦ
417 2214 449 2296 (l
473 2216 534 2298 τῷ)
565 2211 643 2296 περὶ
668 2214 792 2277 παθῶν
818 2206 982 2294 Διδάμου.
1022 2211 1108 2276 ΕΗ
1134 2215 1194 2278 453
1224 2211 1328 2273 ταῦτα

160 2314 283 2403 ἱστορεῖ
302 2312 555 2405 Ἁρποκρατίων
581 2316 599 2388 ὁ
621 2316 706 2385 Δίου
731 2313 935 2395 διδάσκαλος
963 2314 998 2382 ἓν
1019 2312 1183 2406 ποιήματι
1203 2322 1260 2403 τῆς
1280 2317 1297 2379 ἰ’
1314 2320 1329 2380 t

161 2428 274 2512 (sicll).
310 2427 459 2514 Denique
490 2432 518 2490 Y
537 2436 594 2496 471
625 2422 801 2514 ἐνέπρησεν
826 2420 1007 2505 Φιλόξενος
1030 2422 1087 2489 καὶ
1111 2416 1329 2507 Ἀρίσταρχος.

160 2532 236 2620 περὶ
250 2531 288 2600 δὲ
300 2538 358 2622 τῆς
373 2538 503 2623 γραφῆς
514 2526 729 2618 Ἀριστάρχου
741 2534 774 2619 (l
784 2537 852 2617 -ος)
868 2530 902 2598 ἐν
917 2526 1081 2620 ποιήματί
1094 2533 1190 2617 (corr.
1201 2530 1330 2596 Bekker

161 2667 190 2729 p.
212 2644 289 2728 819>
312 2663 414 2730 φησιν
436 2637 539 2719 οὕτως
560 2679 611 2709 -.

243 2879 315 2958 ἓβ.
357 2874 422 2942 Sed
447 2875 511 2940 iam
536 2880 663 2959 tempus
688 2878 738 2939 est
762 2874 813 2939 his
834 2874 940 2938 missis
970 2873 1075 2938 denuo
1097 2870 1178 2936 illud
1199 2870 1329 2955 Didymi

163 2983 307 3049 scholion
327 2983 493 3069 inspicere,
514 2986 552 3047 ut
565 2982 767 3067 exploremus
783 2981 860 3067 quid
873 2980 948 3045 inde
970 2980 1011 3044 ad
1025 2978 1203 3043 Aristarchi
1224 2977 1331 3042 studia

164 3090 387 3177 cognoscendo
412 3091 516 3174 possit
542 3089 620 3155 elici
662 3089 805 3154 Primum
824 3087 1004 3152 Aristarchi
1031 3086 1132 3152 libros
1153 3079 1330 3169 (συγγράμ-

163 3201 263 3281 ματα)
285 3197 457 3283 distinguit
477 3197 517 3262 ab
541 3197 609 3262 eius
629 3196 873 3262 commentariis.

244 3306 290 3371 At
318 3304 400 3369 nihil
425 3304 553 3389 scripsit
578 3328 674 3390 quam
701 3304 961 3381 commentarios,
986 3302 1014 3367 si
1035 3299 1156 3365 Wolfio
1183 3300 1262 3364 fides
1292 3322 1331 3364 ex

165 3412 262 3479 Suida
276 3411 480 3477 concludenti
494 3414 537 3496 (p.
553 3409 731 3495 CCXXIX):
753 3407 884 3498 λέγεται
898 3406 1029 3495 γράψαι
1050 3402 1134 3491 ὑπὲρ
1156 3405 1191 3472 ω’
1213 3401 1331 3488 βιβλία

164 3515 409 3606 ὑπομνημάτων
431 3515 552 3601 μόνων.
594 3519 716 3585 Verum
745 3523 778 3583 et
799 3518 917 3584 Suidae
938 3516 1157 3582 testimonium
1179 3516 1249 3580 sine
1272 3514 1331 3578 dn·

166 3628 323 3693 bitatione
344 3626 390 3694 sic
410 3628 554 3713 accipere
575 3626 665 3692 licet:
692 3627 736 3709 ,si
755 3625 980 3691 tantummodo
1002 3623 1248 3690 commentarios
1271 3644 1332 3684 nu·

236 3949 268 3989 ³·
287 3943 382 4015 (Quod
399 3941 456 3997 iam
474 3940 626 3997 Bredoviua
642 3943 800 3995 correxerat
817 3941 893 4009 apud
911 3938 1043 3994 Wolfium
1060 3937 1167 4005 Proleg.
1186 3955 1215 4006 p.
1226 3935 1333 3990 CCXX]

169 4031 379 4184 ”Ol-³?{Tm
397 4112 535 4177 Bekker03
552 4109 612 4181 ipse
629 4108 660 4163 in
677 4107 772 4164 codice
795 4108 891 4163 inveni
909 4111 1050 4177 ποιήματι
1072 4117 1124 4177 της
1147 4109 1238 4159 tcum
1255 4104 1335 4174 signo

168 4198 264 4255 scholii
275 4197 348 4253 finiti
361 4204 405 4263 ÷,
419 4195 494 4265 quod
505 4195 616 4266 signum
626 4193 721 4264 paullo
738 4192 826 4248 rarius
839 4191 960 4249 occurrit
977 4208 1062 4260 quum
1073 4190 1192 4245 alterum
1208 4190 1262 4244 hoc
1274 4209 1314 4244 ε-
1328 4233 1334 4247 .

168 4284 292 4355 Heynius
313 4281 351 4337 od
370 4278 449 4335 nino.
471 4279 489 4336 l
508 4297 531 4335 o.
554 4277 674 4333 coniecit
694 4274 727 4334 ἐν
745 4272 931 4348 ὑπομνήματι
953 4288 1004 4347 της
1019 4266 1150 4343 Ἰλιάδος,
1171 4274 1281 4329 Bestius
1298 4274 1335 4329 ad

168 4367 309 4428 Schaeseri
327 4366 441 4436 Gregor.
461 4363 520 4421 Gor.
539 4381 567 4434 p.
584 4367 633 4419 933
651 4360 685 4418 ἐν
701 4354 886 4433 ὑπομνήματι
902 4365 954 4431 τῆς
971 4382 981 4415 ι
999 4357 1056 4414 scil.
1075 4354 1252 4431 ῥαψῳδίας.)
