3425 4934
436 345 459 393 2.
476 337 629 394 Herodiaui
645 337 716 393 liber
732 338 768 393 de
783 339 914 409 prosodia
930 339 1084 396 homerica.
1303 349 1341 412 31

257 508 278 587 ξ
303 511 351 574 12.
387 506 447 572 His
467 508 569 593 igitur
589 512 728 593 quatuor
748 507 838 573 libris
859 508 1048 588 Aristonici,
1075 508 1217 594 Didymi,
1238 509 1343 576 Hero·

175 613 269 693 diani,
289 612 461 681 Nicanoris
476 617 516 682 ab
535 616 630 682 initio
652 615 773 680 schoha
794 615 864 680 cod,
879 616 909 679 A
927 620 1089 693 contexta;
1111 639 1171 682 000
1192 617 1246 682 diu
1268 621 1344 702 post

174 720 352 787 Herodiani
367 728 506 789 aetatem
523 724 606 788 hanc
622 744 752 807 operam
773 728 955 807 susceptam
977 746 1046 789 esse
1068 724 1215 790 arbitror.
1250 724 1344 801 Eum,

176 830 229 912 qui
243 829 325 895 haec
339 832 559 915 comportavit,
580 830 642 895 alia
660 830 762 894 multa
783 835 910 915 praeter
929 828 1010 896 haec
1029 830 1188 896 addidisse
1210 832 1261 895 vix
1282 853 1343 915 pu·

176 938 325 1014 taverim3
352 938 408 1003 sed
429 938 553 1003 addidit
571 939 709 1003 fortasse
731 937 888 1022 quaedam
910 960 993 1021 quae
1015 960 1054 1003 ex
1074 939 1145 1004 aliis
1166 938 1343 1004 Herodiani

175 1044 301 1129 scriptis
328 1044 516 1130 afferuntur,
546 1045 683 1110 maxime
710 1045 737 1109 si
764 1046 893 1129 quando
919 1047 954 1109 in
979 1046 1030 1110 his
1055 1046 1096 1110 ab
1122 1068 1160 1111 ea
1185 1047 1338 1123 doctrina,

176 1174 270 1235 quam
284 1152 319 1215 in
340 1151 424 1216 libro
446 1152 485 1216 de
507 1153 658 1237 prosodia
673 1151 845 1217 Homerica
867 1157 1066 1236 exposuerat,
1088 1153 1274 1218 dissensisse
1292 1154 1342 1217 in·

175 1258 373 1327 veniebatur.
419 1259 522 1338 Haec,
557 1261 645 1345 quod
672 1261 918 1339 observaverim,
950 1259 1087 1344 plurima
1114 1260 1285 1347 diligenter
1310 1264 1344 1325 et

175 1369 248 1450 apte
269 1366 379 1445 allata,
404 1371 442 1432 ut
466 1367 507 1431 ab
527 1367 674 1445 homine,
704 1366 833 1451 qualem
860 1368 981 1452 fingere
1009 1390 1089 1453 opus
1117 1371 1166 1433 est
1192 1390 1266 1433 eum
1287 1368 1342 1452 qui

173 1477 239 1537 tam
261 1474 393 1538 doobnn
414 1473 584 1539 consilium
605 1476 831 1559 susceperit¹⁴,
854 1476 1011 1559 proficisci
1032 1476 1176 1560 potuisse
1197 1497 1264 1540 non
1285 1498 1343 1539 ne·

172 1600 254 1664 gem
298 1579 344 1645 Et
376 1581 499 1646 addidit
526 1582 612 1647 idem
641 1583 777 1647 fortasse
808 1587 973 1667 praeterea
1003 1604 1105 1647 unum
1130 1581 1181 1646 vel
1208 1582 1343 1646 alterum

172 1688 269 1753 simili
290 1689 425 1754 consilio
439 1688 570 1774 Didymi
591 1690 677 1755 notis
699 1693 732 1755 et
752 1689 928 1754 Aristonici
939 1692 975 1753 ¹⁵.
1012 1688 1076 1755 Sed
1096 1694 1240 1773 tempore
1263 1688 1342 1775 glis-

172 1799 264 1860 cente
292 1795 431 1880 plurima
449 1796 512 1861 alia
529 1819 568 1862 ex
587 1797 820 1861 recentioribus
841 1797 1078 1862 commentariis
1092 1796 1271 1863 Homericis
1291 1801 1341 1880 (ut
1352 1801 1407 1873 (36)

173 1900 358 1986 Porphyrii)
386 1903 521 1988 ahisque
548 1904 689 1990 vulgatis
714 1903 804 1968 libris
830 1904 906 1969 huic
935 1927 1064 1990 quoque
1092 1904 1193 1969 codici
1215 1906 1343 1989 appicta

173 2014 258 2074 sunt.
294 2009 460 2075 Invenitur
476 2011 531 2096 qui
554 2012 617 2076 sibi
637 2011 760 2096 placuit
779 2011 813 2075 in
835 2011 1099 2076 annotationibus
1121 2034 1160 2076 ex
1173 2011 1341 2096 Apollonii

171 2116 303 2201 Dyscoli
324 2115 416 2183 libris
438 2118 664 2204 appingendis,
686 2119 742 2183 sed
764 2118 1041 2203 negligentissime
1063 2141 1171 2204 saepe,
1192 2123 1230 2183 ut
1250 2128 1282 2184 Δ
1301 2126 1341 2187 22

172 2224 229 2288 001
254 2223 408 2309 Apollon.
435 2225 473 2290 dc
499 2226 569 2290 adv.
595 2248 627 2309 p.
655 2230 724 2292 553.
766 2223 838 2289 Vid.
865 2230 1029 2310 praeterea
1054 2231 1092 2291 A
1112 2234 1160 2295 99.
1187 2232 1248 2295 508
1273 2227 1341 2310 (ubi

171 2335 327 2414 punctum
347 2332 534 2416 ponendum
555 2322 768 2417 0001Ὧρος).
804 2334 836 2395 Δ
856 2336 927 2400 343.
958 2337 994 2395 Λ
1017 2342 1073 2402 161
1097 2325 1155 2413 (ὥς
1176 2330 1341 2398 δείκνυται

173 2434 207 2501 ἐν
229 2441 277 2524 τῷ
306 2436 384 2521 περὶ
409 2434 591 2517 συντάξεως
621 2462 661 2505 00
694 2440 803 2505 066110
835 2441 965 2524 quidem
994 2443 1124 2507 nomine
1155 2442 1341 2527 Apollonii).

174 2545 279 2613 11219
306 2542 354 2628 (ἐν
378 2549 426 2632 τῷ
450 2543 528 2628 περὶ
549 2539 762 2629 ἅντωνυμιῶτ
789 2545 956 2633 δηλοῦται,
989 2548 1067 2612 item
1096 2549 1164 2613 sine
1190 2550 1341 2632 nomine).

174 2650 220 2717 cf.
240 2652 302 2717 VD
325 2653 366 2718 ad
392 2656 419 2720 Ο
444 2658 512 2723 138.
533 2657 563 2717 Σ
575 2659 682 2723 50511.
719 2656 773 2723 sic
794 2657 922 2741 appicta
944 2665 1021 2721 sunt
1042 2656 1199 2740 quaedam
1221 2657 1341 2723 exlex.

174 2760 336 2844 Apollonii
362 2762 412 2842 (ut
438 2764 467 2823 Β
493 2767 563 2829 271.
596 2766 626 2825 Γ
644 2766 731 2847 448),
763 2763 920 2849 quaedam
949 2763 1091 2842 Orionis,
1119 2762 1342 2841 Ghoerobosci,

173 2888 231 2932 000
253 2890 380 2953 semper
400 2870 532 2934 nomina
546 2873 713 2936 auctorum
727 2871 844 2937 addita
880 2869 933 2935 Sic
948 2871 980 2931 Δ
994 2875 1034 2936 66
1049 2870 1179 2934 doctum
1194 2869 1339 2935 scholion
1354 2892 1384 2943 31

173 2979 221 3039 est
253 2975 293 3040 de
319 2974 457 3040 flexione
490 2977 764 3044 substantivorum
794 2979 827 3042 in
859 2999 912 3061 ας,
943 2977 1031 3062 0006
1058 2978 1091 3041 10
1117 2976 1341 3061 Etymologioo

173 3104 302 3166 quoque
324 3082 444 3167 legitur
465 3086 500 3165 (s.
522 3074 780 3168 ὑπερκύδαντας)
802 3089 836 3150 01
857 3107 905 3169 ap.
923 3083 1132 3149 Eustathium
1153 3107 1182 3169 p.
1203 3092 1272 3163 445,
1292 3090 1341 3163 22,

173 3189 257 3253 unde
282 3193 375 3274 patet
394 3190 602 3256 Euststhium
630 3194 694 3257 iam
715 3193 746 3260 h.
768 3193 789 3257 l.
810 3193 845 3256 in
867 3191 996 3257 scholiis
1017 3191 1186 3257 invenisse.
1227 3190 1288 3255 Est
1308 3191 1342 3255 id

173 3295 389 3362 Choerobosci
423 3299 456 3363 in
494 3298 728 3379 Theodosium,
763 3299 847 3385 apud
885 3298 1100 3365 Gaisfordium
1139 3320 1169 3382 p.
1202 3302 1256 3377 34,
1291 3304 1339 3364 25.

170 3452 380 3462 ——-

235 3550 262 3591 ¹⁴
278 3546 372 3601 Verbo
394 3562 496 3601 moneo
513 3547 567 3601 hoc
585 3564 655 3617 opus
672 3547 823 3617 odysseam
841 3563 953 3616 quoque
976 3545 1151 3616 complexum
1168 3563 1234 3601 esse.
1270 3544 1340 3611 Qua

170 3635 234 3686 tuor
250 3630 420 3701 scriptorum
436 3630 556 3699 vestigia
572 3647 738 3700 quocunque
755 3631 856 3702 pedem
874 3630 999 3701 posueris
1017 3628 1047 3682 in
1064 3629 1176 3685 scholiis
1193 3629 1283 3684 obvia.

237 3718 263 3758 1⁶
280 3714 381 3784 Cogito
402 3715 455 3769 hoc
477 3714 538 3769 1000
559 3714 679 3770 maxime
702 3716 737 3771 de
758 3716 863 3780 11398,
886 3715 936 3770 051
958 3717 987 3769 01
1006 3713 1120 3783 Didymi
1143 3717 1173 3769 et
1188 3711 1341 3767 Aristonici

170 3798 377 3854 observationes
397 3797 527 3864 traditas,
549 3799 598 3855 sed
626 3799 694 3854 levis
725 3799 859 3855 correctio
881 3798 979 3854 addita
1000 3798 1051 3854 sic:
1073 3805 1164 3854 ταῦτα
1186 3789 1340 3869 dilatata

170 3901 251 3948 νικας
277 3885 348 3954 περὶ
374 3886 425 3954 τῆς
452 3887 566 3954 γραφῆς
593 3886 699 3954 ταύτης
725 3886 808 3954 φησί,
837 3886 940 3953 διπλῆν
966 3882 1082 3954 βάλλων
1105 3886 1148 3955 τῷ
1176 3881 1278 3953 στίχῳ·
1307 3878 1341 3935 ἐν

170 3968 271 4036 μέντοι
294 3972 333 4039 τῇ
354 3969 529 4039 τετραλογία
550 3967 590 4036 (h.
613 3985 637 4023 0.
658 3967 689 4022 01
709 3968 802 4035 fallor,
828 3966 1089 4024 commentariorum
1114 3964 1179 4020 libri
1209 3964 1339 4034 quatuor)

170 4047 359 4121 Νεμεσίατας
380 4045 475 4115 οὕτως
495 4043 583 4122 εὖρον
603 4054 672 4122 περὶ
692 4057 753 4107 τῶν
773 4055 882 4123 στίχων
903 4053 1023 4115 τούτων,
1048 4053 1100 4104 cet
1135 4047 1280 4102 Refutabit
1294 4063 1340 4101 rna

170 4136 298 4202 1001000,
319 4135 343 4191 si
365 4134 411 4191 oui
432 4135 468 4191 de
487 4134 570 4191 huius
590 4133 762 4191 Nemesionis
783 4139 877 4192 aetate
898 4137 1020 4199 constat,
1043 4150 1115 4203 quae
1135 4131 1206 4186 mihi
1227 4131 1340 4187 aliunde

236 4308 261 4348 ¹⁶
281 4305 409 4360 Fortasse
436 4304 493 4358 huo
514 4303 639 4374 pertinet
660 4320 732 4357 unus
753 4303 859 4359 alterve
880 4304 957 4360 locus
979 4319 1013 4357 cx
1034 4301 1089 4356 his:
1113 4306 1139 4354 Δ
1156 4305 1214 4357 410.
1237 4302 1264 4355 E
1281 4304 1336 4357 142.

170 4391 265 4446 2111.
287 4391 313 4445 11
330 4394 372 4446 61.
389 4392 447 4443 252.
465 4389 499 4442 Μ
513 4391 571 4443 264.
