3425 4934
375 335 433 396 116
454 325 488 383 Π.
516 325 557 381 De
574 326 750 382 Aristarchen
767 328 966 384 vocabulorum
982 325 1192 383 Homericorum
1208 323 1447 395 interpretatione.

868 593 1045 684 Ἕταῖρος

828 752 847 818 i.
871 776 900 835 q.
921 743 1083 833 συνεργός.

456 919 492 978 Ν
502 922 564 984 453
583 908 810 999 ἑταρίσσαιτοι
833 912 886 981 ὅτι
909 910 982 981 ἀντὶ
1000 918 1061 982 τού
1082 909 1237 1000 συνεργὸν
1260 907 1371 996 λάβοι.
1401 911 1488 998 πρὸς
1504 915 1543 981 τὸ

371 1015 532 1105 ,,ἷ’κμενον
559 1013 659 1107 ούρον
685 1024 730 1091 ἵει
758 1020 956 1112 πλησίστιον
977 1020 1103 1089 ἐσθλὸν
1124 1017 1279 1107 ἑταῖρον“
1302 1019 1333 1105 (λ
1356 1028 1385 1089 7.
1412 1045 1436 1103 μ
1461 1025 1544 1107 149).

370 1135 400 1196 Ι(
423 1138 485 1199 242
516 1125 569 1195 ὅτι
595 1129 712 1215 ἕταρον
736 1138 793 1198 νῦν
820 1127 859 1199 ού
883 1127 998 1222 φίλον,
1028 1125 1117 1195 ἀλλὰ
1145 1127 1301 1215 συνεργὸν
1326 1125 1426 1213 λέγει
1462 1127 1545 1216 ἡδὲ

371 1232 526 1325 ἀναφορὰ
548 1237 633 1325 πρὸς
651 1238 690 1308 τὸ
715 1237 977 1327 ,,ἕταρι’σσαιτο“
1000 1234 1072 1305 ἀντὶ
1092 1243 1152 1306 τοῦ
1171 1236 1325 1326 συνεργὸν
1347 1231 1456 1320 λάβοι.

852 1571 1047 1642 Σπεύδειν

447 1729 553 1793 crebro
573 1731 729 1816 nynfficae
748 1751 876 1816 operam
895 1729 983 1806 dare,
1004 1728 1051 1793 οσλ
1070 1729 1206 1793 laborem
1223 1741 1374 1813 paratum
1393 1753 1467 1795 εεεε.

452 1893 533 1961 Item
555 1893 686 1984 σπουδῇ
706 1897 727 1960 ί.
750 1919 780 1982 q.
800 1889 907 1979 μόγις.

452 2007 484 2067 Δ
505 2010 566 2072 232
589 1995 621 2089 (ἦ
645 2001 688 2087 δ.)
710 1999 762 2069 ὅτι
782 2000 821 2069 τὸ
843 1996 1048 2079 σπεύδοντας
1074 1997 1133 2083 οὐχ
1155 1993 1228 2069 οἷον
1247 1998 1446 2084 ταχύνοντος
1465 1996 1540 2066 ἀλλ’

369 2105 578 2194 ἐνεργοῦντας
593 2109 649 2176 καὶ
663 2114 955 2186 κακοπαθοῦντας.
978 2110 1136 2198 ,σπουδῇ
1151 2104 1183 2175 δ’
1202 2109 1291 2190 ἕζετο
1307 2107 1415 2187 λαός“
1430 2110 1473 2193 (Β
1487 2117 1542 2193 99)

367 2215 449 2301 μετὰ
473 2212 582 2306 πάσης
602 2214 849 2296 κακοπαθείας.
895 2220 925 2284 Θ
944 2225 1005 2287 293
1026 2216 1227 2284 σπεύδουσαι
1254 2213 1326 2285 ἀντὶ
1348 2221 1430 2304 (τοῦ)
1456 2241 1543 2300 προ-

367 2322 487 2409 θύμως
513 2322 715 2414 ἐνεργοῦντα.
764 2332 799 2390 Ν
821 2334 884 2397 236
911 2321 943 2413 (ἡ
971 2326 1013 2411 δ.)
1041 2324 1155 2394 ὅτιτὸ
1183 2323 1340 2393 σπεύδειν
1365 2321 1427 2393 ούκ
1452 2321 1542 2391 ἔστιν

367 2431 425 2500 ε’πλ
445 2438 505 2500 τοῦ
523 2431 682 2517 ταχύνειν,
708 2427 780 2499 ἀλλ’
799 2431 856 2500 ἐπὶ
876 2438 935 2499 τοῦ
958 2430 1099 2519 ἐνεργεῖν
1114 2437 1177 2520 (Δ).
1199 2433 1283 2518 μετὰ
1305 2429 1543 2512 κακοπαθείας

366 2541 424 2609 καὶ
443 2540 676 2628 ταλαιπωρίας
696 2541 838 2629 ἐνεργεῖν
860 2543 945 2628 (BL).
981 2546 1011 2606 Σ
1028 2549 1087 2612 373
1111 2539 1221 2609 ὅτιτὸ
1243 2540 1428 2611 σπεύδοντα
1450 2541 1541 2628 ἐνερ-

368 2655 496 2741 γοῦντα.
529 2654 813 2741 (Frequenfissime
828 2653 914 2737 apud
927 2652 1120 2717 Homerum:
1140 2676 1270 2741 pugnae
1285 2656 1445 2719 intentum
1461 2675 1540 2719 esse,

368 2763 462 2842 Quod
489 2765 665 2830 tenendum
691 2765 720 2825 E
740 2764 821 2843 667.)
844 2799 884 2806 -
908 2763 936 2821 B
957 2767 996 2828 99
1024 2758 1076 2826 ὅτι
1103 2760 1234 2850 σπουδῇ
1263 2758 1352 2846 λέγει
1384 2754 1442 2841 ούχ
1467 2782 1541 2826 οιον

368 2866 519 2953 ἐντύχοι,
542 2864 630 2936 ἀλλὰ
651 2865 751 2953 μόγις
771 2866 828 2933 καὶ
850 2867 1021 2951 δυσχερεῖς,
1043 2861 1090 2946 ὡς
1111 2867 1150 2935 τὸ
1172 2859 1239 2953 „69
1261 2861 1311 2952 ἂρ’
1336 2862 1413 2950 ύτερ
1437 2890 1542 2933 σπου·
1605 2942 1617 2951 ι

368 2978 429 3066 δῆς
453 2977 589 3044 τάνυσεν
618 2974 704 3061 μέγα
734 2971 831 3056 τόξον
855 2969 1051 3052 Ὀδυσσεύό(
1079 2978 1122 3065 <cp
1148 2980 1234 3063 409>
1275 2977 1365 3044 Idem
1391 2981 1540 3042 notatum

365 3092 405 3150 A
425 3094 494 3155 562.
530 3092 565 3150 Ν
585 3093 653 3156 687.
690 3088 723 3148 Ψ
744 3091 792 3154 37.
837 3086 887 3150 De
918 3078 1067 3150 σλσπουδί
1095 3087 1216 3156 6512.
1254 3087 1373 3155 0476.
1414 3089 1451 3147 Χ
1470 3090 1539 3153 304.

367 3194 473 3261 Semel
493 3193 623 3283 σπουδῇ
645 3194 804 3277 significat
825 3192 984 3275 σελειίύετ,
1006 3216 1025 3255 ο
1047 3200 1107 3262 209
1129 3197 1169 3277 (v.
1189 3193 1287 3260 schol.
1305 3192 1358 3258 BL
1377 3192 1418 3258 ad
1432 3194 1463 3255 B
1477 3196 1539 3275 99).

302 3569 349 3619 117
879 3544 1024 3624 Δειλὸς

680 3702 868 3786 plenumque
888 3702 1036 3764 πεύσοντιοι
1057 3702 1221 3787 εἱφιιγῖεαι.

283 3881 355 3952 (123)
455 3868 487 3930 Ψ
507 3871 547 3934 65
574 3859 627 3929 ὅτι
655 3863 693 3929 τὸ
722 3863 850 3930 δειλοῖο
877 3859 1038 3933 δειλαίαν.
1083 3871 1119 3929 Χ
1138 3872 1176 3935 31
1205 3861 1256 3931 ὅτι
1286 3863 1445 3929 δειλοῖσιν
1465 3857 1538 3931 dni

364 3976 424 4039 τοῦ
446 3967 618 4049 δειλαίοις.
659 3973 740 4038 Item
770 3976 869 4042 1³38.
918 3973 978 4055 (Re
1004 3997 1079 4040 vera
1104 3973 1204 4039 semel
1231 3978 1358 4038 tantum
1383 3974 1536 4059 ignavum

366 4072 534 4168 significnss.
570 4081 761 4147 Rectissime
783 4081 822 4146 de
845 4082 907 4147 hac
928 4104 1005 4147 voce
1029 4084 1097 4168 egit
1118 4082 1314 4163 Passoviun)
