3425 4934
324 280 343 344 8
602 272 624 326 L
653 270 695 326 De
712 269 837 325 fontibus
855 270 998 327 doctrinae
1017 268 1218 324 Aristarcheae.

294 437 388 524 8de
409 442 450 505 ab
471 439 564 506 initio
588 439 742 504 orationis
764 441 805 521 (e.
827 460 860 526 g.
881 442 957 523 post
976 439 1170 523 vocativum)
1192 438 1343 523 positum.
1378 438 1408 499 P
1425 442 1495 503 221.

329 551 450 616 41627.
495 547 562 612 Has
591 568 667 612 voro
695 549 789 611 notas
815 546 995 612 Aristarchi
1021 568 1091 613 esse
1116 546 1234 613 scimus
1257 567 1296 611 ex
1321 544 1497 630 Apollonio

324 654 465 741 Dyscolo
488 654 527 721 de
549 655 633 721 coni.
654 677 685 739 p.
706 660 781 733 506,
810 662 828 722 5
851 646 939 718 ἀλλὰ
959 650 1027 741 μὴν
1051 652 1108 720 καί
1133 650 1291 739 συνηθιος
1316 645 1334 718 ὁ
1357 648 1498 740 ποιητὴς

326 755 472 848 ἀρκτικηί
493 754 583 847 αὐτῷ
608 764 813 849 προσχρῆται
836 763 1075 842 (coniunctione
1097 757 1170 846 γάρ,
1198 766 1311 829 contra
1330 761 1499 842 rationem,

326 894 408 958 quae
423 871 661 951 enuntiationes
676 864 738 954 γάρ
759 871 915 937 babentes
936 872 1088 956 postponi
1109 872 1220 954 iubet).
1260 866 1317 935 καί
1339 862 1377 935 οὗ
1399 871 1497 936 τοῦτο

325 973 504 1067 τεκμήριον
513 981 573 1045 τοῦ
584 975 643 1044 τὸν
654 970 754 1062 λόχον
762 971 1076 1060 άπαδοκιμάζεσθαι
1088 978 1131 1063 (h.
1141 1002 1167 1044 e.
1178 979 1337 1046 rationem
1347 982 1499 1059 nostram,

329 1109 424 1172 quam
452 1087 673 1171 exposuimus,
701 1086 949 1172 improbabilem
976 1088 1074 1170 esse),
1109 1081 1177 1169 εἴγε
1205 1082 1262 1151 καί
1293 1083 1500 1152 τὰτοιαῦτα

322 1188 536 1280 Ἀρίσταρχος
549 1186 744 1275 παρειίοατο
765 1195 789 1278 <.
806 1247 813 1262 .
830 1249 837 1262 .
853 1245 862 1260 .
878 1214 1019 1260 ειοισατο
1039 1194 1123 1279 cod>
1140 1187 1500 1283 (1.παρεσημειαίσατο)

327 1297 370 1380 ὡς
384 1295 626 1384 άνατεθειμέυα
635 1294 800 1391 Ὁμηρικῇ
815 1296 989 1390 συνηθείᾳ,
1007 1297 1130 1367 καθότι
1144 1296 1263 1369 aaliz?
1281 1295 1391 1369 ἄλλων
1403 1297 1500 1368 πλεί-

327 1434 412 1476 στων
425 1402 602 1475 ἰδιάσαντά
617 1402 691 1474 τινά
714 1405 784 1474 ἐστι
805 1402 883 1493 παρ’
907 1402 1006 1496 αὐτῷ.
1032 1450 1066 1459 -
1090 1406 1123 1481 Ξ
1141 1416 1180 1481 38
1202 1405 1235 1499 (ἡ
1258 1409 1395 1498 διπλῆ).
1416 1462 1424 1478 .
1447 1408 1501 1478 ὅτι

260 1590 264 1597 ,
328 1512 455 1602 ἀθρόοι
469 1513 526 1583 ἐπί
540 1519 604 1581 τῶν
616 1519 732 1600 τριῶν·
755 1509 837 1605 ἀρχὴ
860 1512 922 1602 γάρ
945 1514 1016 1583 ἐστι
1038 1517 1269 1605 πληθυντικοῦ
1290 1513 1438 1605 ἀριθμοῦ
1456 1518 1498 1586 τά

327 1619 411 1709 τρία.
447 1625 493 1691 At
512 1626 730 1692 Herodianus:
760 1617 975 1711 Ἀρίσταρχος
1000 1622 1147 1706 cauom,
1174 1621 1313 1715 φάσκων
1338 1623 1394 1695 ὅτι
1421 1621 1502 1716 άρχὴ

329 1726 489 1817 πλήθους
510 1727 529 1797 ὁ
551 1734 636 1818 τρεῖς
656 1725 808 1815 άριθμός
830 1734 936 1819 <quod
957 1757 1032 1801 vero
1046 1758 1107 1801 nee
1126 1736 1277 1803 Lehrsius
1298 1738 1382 1803 inter
1396 1737 1501 1804 Hero·

330 1842 445 1908 dianes
465 1842 588 1926 recepit
609 1863 668 1908 nec
693 1842 859 1920 Lentzius3
886 1865 914 1906 v.
934 1842 1057 1908 lentzii
1083 1845 1182 1929 praef.
1207 1844 1224 1910 Ι
1247 1868 1280 1930 p.
1301 1844 1439 1929 LXXX>-
1461 1883 1502 1894 —

329 1955 363 2011 N
384 1956 441 2019 191
465 1942 497 2034 (ἡ
521 1947 639 2036 διπλῆ)
662 1944 715 2015 ὅτι
736 1948 867 2040 διῄρηκε
893 1944 995 2036 χρόας
1016 1943 1088 2016 ἀντὶ
1114 1958 1171 2016 τοῦ
1192 1946 1290 2036 χραίς·
1321 1950 1376 2019 διὸ
1398 1957 1502 2036 βαρυ-

328 2053 493 2143 τουητέον.
532 2058 578 2124 At
597 2057 769 2144 Didymus:
795 2053 899 2135 οὕτως
920 2052 955 2122 αὶ
972 2050 1188 2142 Ἀριστάρχου
1208 2056 1307 2144 χρόας
1326 2055 1372 2138 ὡς
1392 2058 1502 2145 λόγος·

328 2160 492 2248 βούλεται
520 2161 557 2230 δὲ
585 2164 772 2253 διῃρῆσθαι
800 2163 861 2253 τὴν
888 2159 1034 2232 εὐθεῖαν.
1088 2165 1275 2254 Ζηνόδοτος
1308 2164 1345 2234 δὲ
1382 2161 1504 2256 γράφει

327 2272 416 2357 χροὶς
444 2266 566 2339 τίσατο.
616 2273 739 2340 Eadem
769 2275 939 2341 consensio
973 2277 1193 2342 Aristonicum
1225 2277 1310 2342 inter
1342 2282 1375 2344 et
1400 2278 1502 2363 Didy-

268 2394 420 2460 (101mum
435 2381 485 2447 vel
506 2381 728 2447 Herodianum
750 2382 789 2447 de
804 2382 992 2449 Aristarcho
1013 2387 1171 2449 testantes
1198 2385 1238 2446 M
1257 2389 1297 2451 56
1305 2386 1362 2469 (P).
1384 2388 1419 2447 Ν
1431 2389 1502 2453 359.

332 2486 366 2559 Ξ
383 2494 452 2556 499.
475 2496 544 2556 500.
582 2490 609 2549 Y
629 2492 677 2554 53.
707 2488 752 2554 Et
772 2511 904 2572 possum
925 2490 1019 2574 plura
1040 2490 1161 2559 afferre.
1197 2489 1262 2557 Sed
1283 2492 1361 2556 satis
1382 2491 1503 2559 tactum

332 2597 457 2682 opinor.
1225 2612 1233 2619 ’
1385 2632 1393 2669 ι

416 2702 569 2790 Sequitur
583 2708 619 2769 ut
641 2705 939 2785 animadvertemus,
960 2707 1000 2771 ab
1017 2706 1202 2772 Aristonico
1225 2706 1295 2772 solu
1315 2708 1411 2772 tertia
1432 2729 1504 2792 per·

332 2837 412 2880 sona
437 2812 526 2878 verbi
547 2811 681 2877 indicari
702 2812 926 2879 Aristarchum
947 2836 988 2880 ne
1010 2815 1140 2880 nomine
1163 2814 1293 2899 quidem
1315 2814 1434 2882 addito.
1476 2815 1505 2879 0

330 2928 392 2992 449
411 2912 620 2987 άθετοτῖνται
641 2914 748 3000 στίχοι
762 2914 791 3004 χ’
812 2960 863 2986 -.
885 2916 1020 3005 ὕστερον
1042 2916 1079 2986 δὲ
1100 2916 1136 2986 ἐν
1155 2923 1227 2999 τοῖς
1246 2918 1325 3006 περὶ
1344 2925 1405 2987 τοῦ
1426 2944 1506 2986 ναυ·

331 3023 486 3111 στάθμου
515 3023 743 3111 ἀπολογεῖται.
779 3031 825 3095 At
845 3026 887 3092 τὰ
909 3026 1066 3114 περὶτοῦ
1087 3023 1304 3112 ναυστάθμου
1325 3030 1506 3097 Aristarchi

332 3160 411 3214 esse,
434 3138 552 3202 seimus
575 3159 614 3202 ex
635 3139 668 3199 K
688 3141 737 3203 53.
779 3136 825 3203 Et
849 3136 923 3222 plus
946 3137 1114 3204 duodecim
1139 3142 1306 3223 praeterea
1327 3142 1424 3204 notae
1444 3160 1506 3223 po·

331 3247 412 3312 sitae
433 3242 519 3325 πρὸς
537 3241 579 3308 τὰ
597 3243 671 3327 περὶ
691 3246 756 3310 τοῦ
778 3240 1002 3328 ναυστάθμου.
1044 3249 1072 3308 Y
1090 3251 1152 3316 269
1174 3237 1376 3312 άθετοῦυται
1398 3239 1506 3325 στίχοι

330 3348 371 3433 δ’,
399 3348 453 3418 ὅτι
474 3346 746 3433 διεσκευασμένοι
772 3345 854 3417 εἰσίν
877 3390 924 3417 -.
947 3353 1002 3417 ἵνα
1029 3348 1066 3418 δὲ
1093 3351 1139 3442 μὴ
1163 3353 1245 3443 δοκῇ
1267 3351 1389 3431 ίίσειος
1404 3377 1438 3418 τι
1459 3346 1507 3418 εί·

336 3456 470 3547 ρηκέναι
485 3460 519 3542 (l.
535 3452 753 3546 η’πορηκίναι)
776 3500 824 3526 -.
846 3461 1070 3527 Aristarchum
1085 3463 1253 3548 significat
1287 3462 1412 3528 Eodem
1433 3484 1507 3547 per·

333 3570 416 3636 tinet
438 3569 525 3655 quod
547 3562 752 3633 άθετοῦνται
773 3569 878 3634 dicere
900 3569 983 3635 solet
1003 3569 1205 3654 simpliciter,
1227 3569 1426 3655 intelligens:
1446 3562 1503 3633 ὑπ’

330 3669 545 3760 Ἀριστάρχου
568 3678 608 3758 (v.
628 3675 730 3743 Wolf.
752 3699 783 3760 p.
806 3675 994 3760 CCLXXII).
1034 3676 1131 3743 Patet
1157 3679 1222 3743 iam
1243 3700 1282 3744 ex
1302 3678 1343 3743 iis
1364 3677 1505 3753 scholiis,

335 3786 452 3870 quibus
470 3784 641 3869 postremis
656 3784 707 3850 usi
728 3806 848 3851 sumus.
883 3782 979 3850 Patet
1000 3808 1040 3850 ex
1061 3785 1141 3865 aliis,
1162 3791 1200 3851 ut
1221 3788 1251 3848 B
1265 3791 1326 3853 529
1341 3785 1380 3852 cl.
1402 3786 1507 3854 1395.

333 3897 363 3957 Σ
374 3901 444 3962 444.
479 3892 550 3959 Nec
570 3891 696 3958 videtur
718 3914 787 3958 esse
809 3914 866 3957 cur
885 3894 1139 3977 praetermittam
1166 3894 1198 3956 Ψ
1217 3900 1266 3961 91.
1290 3898 1358 3962 806.
1380 3898 1450 3962 822.
1465 3931 1507 3941 —

334 4004 366 4064 Δ
383 4009 440 4069 117
454 3994 639 4066 άθετεῖται.
675 4001 727 4067 Ab
742 3999 930 4066 Aristarcho
945 4001 1065 4067 factum
1087 4022 1156 4066 esse
1179 4001 1329 4066 discimus
1350 4021 1390 4065 ex
1403 4000 1507 4085 Apol-

333 4109 423 4175 lonio
445 4108 505 4174 len
520 4108 618 4174 Hom.
638 4131 663 4173 s.
679 4102 773 4191 ἕρμα.
801 4106 872 4174 Νοο
886 4110 919 4173 in
941 4108 991 4174 his
1011 4109 1131 4175 diutius
1145 4108 1303 4176 morabor.
1334 4108 1384 4174 De
1398 4131 1507 4194 προη-

334 4218 495 4281 θετοῦντο
516 4208 571 4280 ὑπ’
593 4208 857 4302 Ἀριστοφάνους
875 4215 928 4281 vel
951 4218 1196 4302 προηθετοῦντο
1218 4209 1285 4282 ὑπὸ
1306 4214 1503 4302 Ζηνοδάτου,

335 4347 400 4409 quo
421 4325 597 4391 sexcenties
619 4324 756 4410 scriptor
777 4328 888 4391 noster
909 4326 1019 4404 utitur,
1044 4348 1108 4409 quo
1125 4325 1194 4409 ipse
1214 4327 1352 4390 testatur
1365 4324 1507 4390 Aristar·
