3425 4934
359 332 399 396 76
439 325 474 382 Π.
503 324 545 382 De
563 323 741 380 Aristarchus
757 322 956 379 vocabulorum
973 321 1182 380 Homerioorum
1201 322 1442 393 interpretatione.

359 486 453 579 φόβῳ
475 489 514 557 τὸ
535 486 645 578 ἔμενε,
672 487 709 572 ἐξ
728 479 769 558 οὗ
789 487 895 577 σαφές
916 485 970 557 ὅτι
990 484 1008 558 ὁ
1031 485 1140 579 φόβος
1159 488 1218 581 τὴν
1239 487 1347 579 φυγὴν
1366 488 1530 576 σημαίνει.

357 601 528 668 Praeterea
546 602 587 668 ad
609 603 638 665 Β
660 606 727 668 767.
749 601 780 663 Ε
798 606 869 668 252.
890 604 922 661 Ζ
939 604 1008 669 278.
1034 600 1064 664 Θ
1085 604 1153 669 139.
1177 608 1244 670 149.
1265 603 1300 663 Κ
1315 608 1386 668 510.
1406 602 1446 664 Λ
1462 605 1529 668 121.

361 712 427 776 173.
447 715 516 776 402.
545 711 589 772 Μ
610 716 676 776 144.
705 710 741 770 Ν
758 714 828 775 470.
860 708 888 772 0
909 712 978 776 666.
1010 710 1039 770 Ρ
1056 715 1124 776 507.
1146 715 1216 775 667.
1247 712 1278 771 (ί)
1300 714 1369 776 575.
1392 714 1460 776 606.
1497 712 1533 771 Χ

360 823 428 883 141.
442 821 512 885 250.
547 815 708 902 Egregius
722 814 818 881 huius
833 815 1067 881 observationis
1089 837 1166 882 usus
1187 816 1250 881 fuit
1270 815 1304 881 in
1327 815 1530 882 diiudicanda

357 923 497 990 lectione
517 925 547 987 Σ
564 930 638 991 247:
961 936 966 951 ‘

440 1026 475 1108 ἐς
502 1023 531 1095 δ’
558 1022 680 1117 ἀγορὴν
701 1022 859 1116 ἀγέροντο
882 1033 1021 1114 (Τρῶες)
1043 1025 1152 1115 ιτάρος
1180 1022 1326 1114 δόρποιο
1346 1026 1527 1114 μέδεσθαι.

441 1131 557 1224 ὀρθῶν
578 1131 610 1203 δ’
636 1130 801 1205 ἑσταότων
823 1133 927 1227 ἀγορι)
949 1132 1061 1223 γένετ’,
1083 1131 1163 1205 οάδέ
1183 1160 1234 1216 τις
1254 1132 1330 1225 έτλη

441 1242 594 1326 ἕζεσθαι·
641 1239 770 1325 πάντας
809 1242 872 1331 γὰρ
915 1240 967 1326 ἔχε
1008 1240 1169 1330 τρόμος,
1214 1239 1317 1312 οίνεκ’
1359 1240 1530 1328 Ἀχιλλείς

440 1348 583 1440 ἐξεφάνη
604 1390 655 1420 -.

356 1462 497 1528 Ariston.
524 1463 556 1528 h.
582 1462 603 1528 l.
633 1454 772 1544 τρόμος·
808 1456 998 1549 Ζηνόδοτος
1024 1455 1133 1551 φόβος
1159 1465 1283 1541 κακῶς,
1317 1455 1447 1546 ἀγνοῶν
1476 1458 1529 1529 ὅτι

358 1563 468 1655 φόβος
496 1567 565 1635 ἐστί
590 1562 669 1635 καθ’
688 1566 839 1657 *Όμηρον
865 1563 883 1657 ν)
910 1568 994 1652 μετὰ
1024 1565 1122 1647 δέους
1147 1563 1244 1659 φυγή.
1280 1567 1334 1635 διὸ
1362 1563 1382 1657 ἡ
1415 1568 1528 1659 διπλῆ.

356 1677 440 1744 Item
462 1681 495 1742 K
517 1686 555 1748 10

483 1775 529 1863 τός
547 1779 656 1851 πυκίν’
680 1780 716 1850 ἐν
736 1777 916 1873 στήθεσσιν
936 1776 1155 1867 ἀνεστενάχιζ’
1177 1776 1393 1869 Ἀγαμέμνων

482 1887 617 1958 νειόθεν
636 1889 674 1958 ἐκ
695 1887 845 1978 κραδίης·
865 1888 1045 1978 τρομέοντο
1068 1889 1108 1960 δέ
1132 1886 1165 1959 ολ
1185 1889 1302 1982 φρένες
1319 1887 1421 1970 ἐντός.

357 2002 573 2068 Aristonicus:
605 1995 659 2068 ότι
684 1995 873 2087 Ζηνόδοτος
905 1997 1028 2089 γράφει
1055 1996 1235 2091 φοβέοντο·
1268 1997 1327 2068 τόν
1357 1997 1394 2066 δέ
1420 1992 1532 2089 φόβον

358 2101 462 2174 εἴωθε
488 2103 599 2193 λέγειν
614 2102 766 2196 Ὅμηρος
783 2107 842 2197 τὴν
862 2106 946 2194 μετὰ
967 2112 1074 2198 φυγῆς
1095 2105 1268 2178 δειλίασιν.
1307 2103 1475 2192 ἐλέγχεται
1496 2104 1533 2173 δέ

293 2208 379 2290 (emb
403 2212 592 2303 Ζηνόδοτος
617 2210 815 2303 ἁμαρτάνων
841 2213 879 2282 έκ
905 2220 966 2283 τοῦ
995 2206 1064 2302 ,βάς
1085 2209 1117 2281 δ’
1147 2212 1255 2296 οὕτως
1276 2211 1457 2283 Μενέλαον
1480 2209 1533 2295 έγε

357 2318 506 2409 τρόμοςῑέ
528 2327 569 2409 (v.
590 2329 652 2409 25).
673 2363 715 2373 -
737 2327 769 2389 P
786 2331 856 2395 607.
892 2325 1039 2413 Fugiunt
1058 2325 1181 2412 Argivi,
1203 2332 1273 2395 596.
1295 2334 1328 2394 7:

309 2445 342 2495 το
526 2427 618 2518 νίκην
636 2428 673 2498 δὲ
697 2425 847 2520 Τριόεσσι
868 2427 974 2511 δίδου,
999 2427 1147 2520 ἐφόβησε
1169 2424 1197 2496 δ
1218 2426 1384 2513 Ἀχαιούς.

524 2542 656 2622 πρῶτος
676 2537 852 2628 Πηνέλεως
874 2531 1041 2616 Βοιώτιος
1061 2529 1137 2628 ἦρχε
1158 2534 1294 2627 φόβοιο,

358 2670 454 2733 quam
485 2648 679 2733 Argivorum
703 2648 832 2735 fugam,
860 2647 1075 2714 Troianorum
1101 2649 1269 2714 victoriam
1299 2670 1395 2732 porro
1421 2671 1532 2735 perse-

358 2757 476 2841 quitur.
510 2755 555 2821 Et
570 2756 609 2822 de
623 2755 837 2821 Troianorum
855 2754 936 2843 fuga
957 2755 1048 2822 nullo
1070 2756 1167 2823 modo
1190 2757 1326 2841 cogiteri
1346 2778 1453 2841 posse,
1474 2757 1530 2824 ubi

361 2863 483 2928 Hector
497 2865 583 2947 (605)
603 2862 768 2930 Idomenei
790 2863 921 2948 quidem
941 2863 1036 2929 hoste
1057 2865 1244 2949 percutitur,
1265 2864 1321 2931 sed
1338 2863 1467 2943 frustra,
1486 2865 1533 2928 ita

361 2975 398 3037 ut
422 2972 457 3036 in
481 2971 581 3036 lorica
606 2969 715 3036 sedeat
737 2971 970 3058 frangaturque
999 2972 1128 3051 hastile,
1158 2977 1224 3038 tam
1250 2972 1455 3056 perspicuum
1480 2971 1532 3036 fir-

360 3101 512 3164 mumque
527 3082 578 3143 est
593 3077 673 3143 heec
686 3077 809 3161 legenti
824 3084 863 3145 ut
882 3080 921 3145 de
943 3079 1024 3145 falsa
1045 3079 1247 3164 quorundam
1267 3079 1407 3145 lectione
1428 3102 1457 3144 v.
1471 3085 1531 3147 607

360 3186 429 3251 iure
456 3208 515 3251 suo
545 3185 690 3251 acerbius
716 3186 870 3253 iudicium
899 3187 1089 3272 pronuntiet
1116 3186 1284 3272 Didymus
1326 3185 1532 3252 Aristarcbes

358 3292 455 3358 lectio
477 3291 509 3357 h.
532 3315 561 3360 v.
583 3296 633 3359 est
1513 3370 1515 3381 Ι

503 3395 539 3465 ἐν
559 3399 671 3486 καυλῷ
691 3394 724 3464 δ’
747 3392 828 3486 ἐάγη
849 3396 985 3481 δολιχόν
1006 3395 1101 3485 δόρυ·
1121 3397 1174 3467 τοί
1195 3393 1228 3466 δ’
1252 3394 1396 3486 ἐβόησαν

506 3511 630 3590 Τρῶες·
654 3501 672 3575 ό
695 3501 729 3572 δ’
752 3508 898 3592 (Hector)
917 3501 1106 3597 Ἰδομενῆος
1126 3501 1280 3576 ἀκόντισε
1300 3547 1352 3577 -.

359 3615 444 3694 Quid
469 3615 501 3681 b.
522 3616 540 3681 1
562 3615 719 3699 Didymus
746 3616 780 3681 in
806 3617 889 3684 libro
919 3618 958 3684 de
983 3617 1163 3684 Aristarchi
1191 3618 1332 3684 editione
1362 3620 1531 3702 notaverit,

356 3724 421 3790 hoc
441 3723 538 3789 modo
561 3723 728 3789 traditum:
758 3718 864 3801 οὕτως
885 3719 922 3788 δέ
941 3719 1053 3805 μόνως
1073 3722 1173 3814 φησίν
1195 3718 1213 3793 ὁ
1237 3722 1389 3810 Δίδυμος
1407 3723 1443 3791 ἐν
1462 3730 1534 3804 τοῖς

358 3829 596 3914 διορθωτικοῖς
619 3828 681 3897 τοί
709 3823 740 3896 δ’
771 3826 954 3918 ἐβόησαν·
984 3825 1200 3917 ἀβέλτερον
1227 3831 1299 3919 γὰρ
1321 3830 1468 3913 τελέως
1488 3832 1531 3900 τό

356 3934 419 4003 τοί
439 3930 472 4001 δ’
494 3930 713 4025 ἐφόβηθεν·
736 3931 774 4006 οὗ
796 3937 858 4023 γὰρ
874 3934 1062 4029 φεύγουσιν,
1083 3934 1171 4007 ἀλλὰ
1187 3936 1374 4009 διώκουσιν.
1396 3939 1453 4007 καί
1476 3938 1533 4007 ἐντὶ

356 4043 554 4132 Πατρόκλου
580 4043 619 4112 τδ
645 4042 780 4129 ὅμοιον·
814 4042 899 4125 „dui
928 4041 960 4114 δ’
988 4040 1062 4129 ίαχε
1088 4046 1171 4126 λαός
1197 4041 1326 4114 όττισθε
1356 4041 1532 4134 Τρωὶ“κός“

358 4155 451 4235 (723).
486 4153 556 4220 Neo
584 4156 617 4218 A
637 4161 699 4224 456
729 4155 948 4223 dubitabimus
970 4156 1149 4224 Aristarchi
1176 4158 1295 4225 iudicio
1323 4158 1531 4226 subscribere.

358 4260 542 4347 [regebatur
564 4265 598 4327 et
616 4261 804 4349 legebamus
827 4286 887 4329 nos
907 4265 942 4329 in
965 4264 1142 4331 Wolfiane:

523 4358 569 4445 δίς
588 4374 652 4434 τῶν
671 4366 882 4454 μισγομένων
901 4366 1011 4455 γένετο
1035 4365 1111 4461 ἰαχή
1128 4395 1163 4439 τε
1185 4370 1293 4461 φόβος
1312 4395 1356 4438 τε.
