3425 4934
679 348 702 453 4
725 344 835 415 νεάζει
1301 355 1340 416 85

173 511 381 594 (quamquam
395 515 471 577 sunt
483 511 631 592 fortasse)
653 514 803 594 tenuisse,
824 515 881 581 sed
900 516 951 602 φῆ
968 535 1027 599 pro
1048 515 1147 580 verbo
1168 517 1336 602 accepisse,
1347 514 1402 586 (9⁴)

173 636 245 681 cum
276 617 458 683 abstrusam
484 617 674 704 particulam
706 613 755 706 φή
781 621 816 685 in
842 620 1020 687 Homerum
1044 620 1246 688 inferendum
1270 646 1336 690 non

173 729 324 791 censeret.
370 724 604 792 Buttmannum
634 725 731 808 (lexil.
757 725 872 810 1236)
906 727 945 794 de
975 726 1026 793 his
1059 728 1204 795 versibus
1234 733 1267 796 et
1296 732 1336 797 de

172 834 315 896 veterum
331 831 597 917 interpretatione
619 833 797 919 disputasse
818 836 970 909 invenies,
991 857 1064 901 cum
1085 857 1144 901 nec
1158 837 1335 904 Aristarchi

173 938 428 1005 observationem
450 940 488 1004 de
509 961 587 1006 voce
607 935 746 1029 φράζειν
766 964 826 1008 neo
847 942 916 1008 eius
937 947 1047 1009 nosset
1068 943 1235 1010 athetesin.
1265 943 1335 1011 Sed

172 1046 255 1130 ipsas
277 1046 453 1112 Aristonici
479 1050 572 1112 notas
600 1048 823 1115 adscribamus.
871 1049 924 1115 Ad
948 1051 980 1113 B
1003 1057 1076 1131 144,
1102 1072 1178 1117 nam
1201 1050 1230 1116 is
1255 1050 1338 1117 alter

171 1153 259 1219 locus
283 1156 367 1232 erat,
394 1173 458 1238 qno
479 1153 514 1220 in
536 1153 721 1222 Zenodotea
739 1155 903 1222 ferebatur
923 1150 990 1244 φάε
1016 1150 1142 1242 κινήθη
1166 1149 1201 1221 δ’
1231 1148 1334 1245 άηορὴ

171 1253 215 1337 ὡς
232 1254 364 1342 κόματα
376 1257 489 1345 μακρὰ
503 1256 692 1349 θαλάσσηςτ
713 1257 766 1329 ότι
779 1258 967 1350 Ζηνόδοτος
984 1256 1107 1352 γράφει
1128 1260 1175 1352 φὴ
1199 1257 1337 1347 κόμοτα.

172 1359 332 1434 οόδάποτε
359 1364 397 1433 δὲ
410 1363 559 1456 Ὅμηρος
585 1365 624 1435 τὸ
652 1362 701 1459 φή
729 1362 802 1435 dni
827 1372 888 1437 τοῦ
914 1362 960 1448 ὡς
979 1365 1119 1451 τέταχεν.
1157 1371 1203 1438 Et
1223 1376 1334 1439 nostro

170 1475 252 1543 loco:
281 1467 315 1561 (ἡ
340 1473 458 1562 διπλῆ)
479 1472 531 1542 ότι
552 1468 747 1562 ἀναγνόντες
765 1474 852 1555 τινάς
872 1475 919 1566 φὴ
942 1470 1086 1544 κώδειαν
1106 1470 1163 1566 ὑφ’
1182 1473 1232 1558 ἓν,
1252 1473 1292 1543 ἵν’
1314 1469 1336 1569 ᾗ

169 1575 213 1659 ώς
246 1574 408 1662 κώδειαν,
451 1580 703 1669 προσεπέταξαν
737 1583 795 1652 τὸν
827 1578 1045 1673 ἠθετημένον.
1102 1580 1263 1652 οόδάποτε
1298 1583 1335 1652 δι’

162 1685 309 1777 *Όμηρος
335 1687 374 1756 τὸ
402 1689 451 1780 φή
476 1683 548 1756 cirri
567 1695 626 1757 τοῦ
645 1686 691 1770 ώς
709 1688 849 1774 τέταχεν.
896 1687 978 1772 ἴσως
1006 1689 1043 1759 δὲ
1066 1690 1124 1759 καὶ
1140 1686 1335 1775 Ἀντίμαχος

168 1792 323 1863 ἐντεῦθεν
342 1792 520 1885 ἐπλανήθη
541 1821 614 1888 ,,φη
636 1794 740 1885 γέρων
759 1788 872 1866 οἶσιν(
893 1795 1112 1888 (γερόνοισινῖ
1131 1801 1200 1883 Βε.)
1219 1792 1333 1865 εἰπών.

169 1904 221 1970 δεῖ
248 1900 286 1969 δά
310 1898 436 1985 ἔξωθεν
466 1901 737 1991 προσλαμβάνειν
761 1905 799 1972 τὸ
826 1900 873 1984 ώς
893 1904 951 1973 καὶ
976 1901 1112 1974 ἀθετεῖν
1130 1905 1188 1974 τὸν
1208 1901 1331 1987 στόχον·
1349 1918 1382 1970 8⁶

167 2007 385 2098 suatotopluc
413 2010 476 2097 γὰρ
508 2009 662 2095 περιέχει.
711 2014 782 2094 Quo
807 2014 881 2081 loco
908 2016 1069 2098 observes,
1103 2016 1191 2102 qnod
1217 2016 1335 2081 iterum

167 2121 349 2206 iterumque
376 2121 545 2187 observare
571 2121 852 2207 operaepretium
874 2126 939 2201 est,
974 2145 1071 2208 quam
1098 2126 1191 2189 caute
1218 2144 1257 2188 er
1282 2121 1333 2187 his

167 2227 313 2313 reliquiis
336 2227 542 2294 iudicandum
568 2228 619 2294 sit.
662 2226 747 2294 Nam
775 2230 837 2295 nisi
862 2230 996 2297 fortuito
1018 2230 1104 2316 apud
1124 2228 1334 2314 Apollonium

167 2333 228 2400 hoc
248 2335 356 2421 ipsum
376 2335 587 2420 perstitisset,
611 2336 650 2400 de
679 2336 903 2402 observatione
928 2336 1132 2403 Aristarchea
1157 2336 1198 2402 ad
1222 2356 1333 2401 vocem

168 2433 306 2529 φράζειν
330 2443 512 2529 pertinente
542 2448 575 2509 et
599 2444 638 2509 de
665 2443 853 2530 gravissimo
880 2443 914 2508 in
940 2443 1003 2508 hoo
1030 2443 1101 2510 loco
1132 2442 1333 2508 diiudicando

167 2553 331 2615 momento
353 2550 507 2617 memoria
525 2550 746 2617 intercidisset
768 2549 932 2617 —Locos
954 2551 1110 2636 quosdam
1129 2554 1274 2616 veterum
1295 2550 1334 2616 de

167 2660 300 2722 accentu
322 2651 371 2746 φή
393 2657 589 2742 compositos
604 2662 637 2723 et
658 2658 844 2724 emendatos
864 2656 1009 2724 dedimus
1031 2661 1153 2743 quaest.
1175 2679 1268 2742 epp.
1283 2663 1333 2724 45.

167 2768 217 2831 46.
256 2762 295 2829 ln
322 2764 444 2831 scholio
473 2763 611 2849 quodam
637 2763 842 2850 explicatiore
871 2763 912 2829 ad
933 2759 1057 2844 5500,
1083 2763 1258 2849 quoderat
1278 2785 1336 2829 cur

165 2869 353 2937 Herodiano
368 2893 435 2937 non
449 2870 709 2951 adscriberemus,
728 2870 810 2937 illud
825 2866 978 2955 ἐγκλίνει,
1002 2871 1217 2938 diciturenim
1237 2864 1256 2938 ό
1274 2865 1334 2952 μὲν

166 2971 355 3061 Ζηνόδοτος
381 2972 438 3042 καὶ
461 2974 517 3043 τὸν
538 2973 577 3041 δέ
597 2973 732 3043 καὶτὸν
752 2972 802 3066 φη
824 2970 981 3062 tyatiram
1009 2976 1064 3042 ἵνα
1084 2974 1123 3042 τδ
1145 2969 1194 3066 φή
1214 2966 1335 3043 ταότδν

166 3075 295 3171 indm]
321 3086 369 3168 τῷ
395 3077 443 3162 ὥς
472 3123 524 3164 -,
556 3084 637 3150 nihil
667 3084 849 3152 aliudesse
876 3107 974 3170 qnam
1004 3085 1168 3170 „deposito
1200 3088 1333 3151 accentu

167 3193 278 3258 scribit
303 3193 337 3258 in
364 3192 509 3258 oratione
536 3191 718 3272 continua“,
752 3192 840 3277 quod
871 3192 905 3257 in
935 3191 1137 3259 circumflexo
1167 3192 1236 3259 fieri
1267 3214 1334 3258 non

167 3302 286 3383 potest,
316 3320 512 3385 quamquam
531 3302 617 3364 recte
639 3298 798 3364 monitum
819 3321 838 3363 a
857 3297 1072 3379 Buttmanno,
1096 3303 1204 3366 tamen
1226 3300 1332 3365 denuo

166 3407 362 3472 monendum
382 3406 524 3486 videtur,
552 3407 629 3490 quia
654 3405 704 3471 vel
725 3427 810 3470 nunc
830 3404 970 3490 intelligi
991 3406 1270 3473 animadvertimus
1292 3407 1331 3473 de

167 3513 322 3580 enclitica.
337 3551 378 3562 —
392 3512 513 3580 Totum
526 3512 691 3598 pervolvas
704 3511 893 3591 Homerum,
911 3534 1071 3599 nusquam
1085 3513 1165 3579 dixit
1178 3509 1332 3602 πέφραδε

169 3614 317 3703 Τρώεσσι
336 3619 388 3687 vel
409 3615 445 3685 tv
469 3624 525 3703 Τρ.
546 3643 606 3707 pro
627 3608 716 3694 εἰπε,
746 3611 945 3704 ἀγορήσατο,
968 3612 1114 3706 μετηάδα
1139 3621 1209 3688 sim
1253 3620 1331 3689 Ubi·

167 3750 243 3811 qne,
274 3728 363 3814 qnod
387 3731 474 3793 recte
502 3731 535 3793 et
561 3725 723 3792 subtiliter
743 3725 947 3793 Aristarchus
976 3728 1168 3809 observavit,
1194 3722 1333 3817 φράζειν

167 3834 327 3921 significat
352 3833 493 3900 indicare
515 3830 695 3920 (anzeigen,
717 3834 888 3919 angeben).
931 3833 1064 3901 Minime
1090 3836 1200 3902 obstat
1225 3858 1246 3899 α
1271 3841 1331 3904 273

267 3934 384 4026 αόριον
406 3934 454 4019 εἰς
470 3933 593 4028 άγορὴν
613 3935 757 4016 καλέσας
776 3935 889 4025 ἥρωας
905 3934 1061 4022 Ἀχαιοὺς

265 4050 379 4130 μῦθον
399 4044 553 4138 πέφραδε
573 4048 671 4125 πᾶσι,
695 4042 775 4111 θεοὶ
794 4039 826 4111 δ>
850 4040 1071 4130 δπιμάρτοροι
1091 4042 1201 4116 ἔστων.

264 4158 454 4241 μνηστῆρας
472 4151 533 4236 μὲν
554 4152 612 4221 ἐπὶ
632 4150 775 4244 σφέτερα
796 4148 1002 4219 σκίδνασθαι
1021 4147 1151 4234 άνωχθι
1173 4193 1210 4205 --

166 4261 226 4329 hoc
246 4264 369 4328 dictum
395 4267 446 4329 est
469 4262 534 4328 iere
555 4268 593 4329 ut
617 4256 700 4340 ἔπος
719 4258 878 4328 πάντεσσι
897 4254 1149 4349 sapuimus&
1172 4268 1252 4348 131).
1294 4264 1333 4331 ln

165 4371 282 4456 quibus
314 4368 457 4436 solemus
486 4370 652 4437 brevitatis
681 4391 777 4436 causa
803 4369 907 4436 dicere
935 4369 1067 4434 verbum
1096 4369 1238 4453 positum
1264 4395 1333 4439 esse
