3425 4934
581 340 605 391 3.
628 334 732 405 μέλλω.
755 336 846 406 ζῶμα,
864 339 987 407 ζωστήρ.
1308 341 1365 402 121

193 506 384 570 sentcneum
406 506 463 568 est.
506 503 595 570 Hccc
616 505 798 572 observatio
821 507 860 572 de
887 528 947 571 usu
968 503 1143 569 Homerico
1164 523 1232 566 voc.
1253 495 1365 581 μέλλω

194 612 384 698 pervulgate
407 611 442 676 in
467 615 612 678 veterum
639 612 766 679 litteris.
808 613 906 699 Apud
926 610 1135 678 Eustethium
1161 610 1288 695 saepius
1315 631 1366 673 rc·

194 719 306 796 currit3
339 721 418 785 item
442 718 566 786 hebent
591 719 823 807 lexicographi,
851 744 879 785 v.
907 720 1045 785 maxime
1073 716 1162 785 Suid.
1189 740 1213 781 s.
1239 711 1362 797 μέλλω,

193 821 319 907 ἔμελλε.
362 827 408 893 Et
433 825 534 893 schol.
565 826 623 896 Od.
653 852 673 892 α
696 834 764 896 232.
797 827 908 896 6274.
945 824 1042 906 {165
1055 827 1093 889 ⁸⁴.
1131 823 1221 891 Idem
1247 825 1365 889 sentire

194 934 410 1015 Nitcxchium‚
438 939 528 1021 patet
556 957 596 1001 ex
623 936 834 1002 annotatione
861 935 902 1000 cd
929 934 987 1003 Od.
1010 938 1123 1001 <1232
1169 933 1240 1010 Quo
1261 932 1366 1017 magis

195 1043 305 1109 diffido
325 1042 445 1109 iudicio
467 1065 549 1110 meo.
589 1043 750 1129 Equidem
777 1067 850 1110 cum
880 1043 989 1129 cogito
1016 1042 1142 1108 nullum
1168 1064 1237 1107 esse
1266 1039 1366 1123 scrip·

195 1155 298 1217 torem
315 1151 395 1236 quin
410 1172 560 1236 expresse
574 1152 728 1237 temporis
742 1152 936 1237 significatio
951 1153 985 1216 in
999 1152 1060 1216 hac
1082 1149 1246 1216 locutione
1267 1147 1365 1232 longe

194 1258 358 1344 longeque
374 1280 471 1343 quem
484 1259 628 1343 reliquae
647 1259 901 1346 significationes
922 1260 1023 1325 rarior
1045 1258 1087 1323 sit
1109 1261 1142 1323 et
1163 1279 1235 1321 cum
1256 1255 1365 1339 cogito

194 1364 254 1431 hoo
268 1364 368 1446 locos,
383 1366 439 1450 qui
453 1368 606 1453 leguntur
620 1371 651 1430 Z
664 1374 732 1435 515.
748 1369 782 1429 Κ
795 1374 865 1434 454.
882 1374 945 1449 χ9,
959 1389 1027 1433 rem
1042 1366 1129 1431 houd
1143 1362 1365 1449 praestiterim

630 1784 762 1867 Ζῶμα,
785 1772 934 1867 ζωστήρ

478 1959 541 2000 non
562 1935 646 2001 citem
665 1949 721 2013 cot,
744 1948 781 1999 ut
802 1933 933 2019 quidam
948 1947 1077 2019 putant.

280 2105 371 2170 1477
392 2094 424 2188 (ἡ
450 2098 568 2188 διπλῆ)
594 2095 647 2169 ὅτι
674 2093 813 2167 δοκοῦσι’
838 2121 925 2175 τινες
948 2091 1070 2163 ταύτὸν
1092 2084 1178 2161 εἶναι
1196 2095 1290 2179 ζῶμα
1312 2092 1368 2160 καὶ

197 2207 362 2294 ζωστῆρα·
391 2201 452 2274 οὐκ
479 2203 550 2274 ἔστι
572 2204 623 2292 δέ,
649 2203 734 2273 ἀλλὰ
762 2206 856 2290 ζῶμα
882 2205 979 2272 καλεῖ
998 2202 1037 2270 τὸ
1059 2198 1308 2286 συναπτόμενον
1328 2207 1368 2292 τῇ

195 2310 296 2404 μίτρᾳ
323 2317 416 2399 (haec
445 2319 507 2384 duo
529 2318 686 2385 vocabule
705 2320 746 2406 τῇ
766 2313 868 2404 μίτρᾳ
890 2315 1037 2398 delenda)
1063 2305 1131 2378 ὑπὸ
1161 2309 1221 2376 τὸν
1248 2307 1369 2375 στατὸυ

197 2417 349 2509 θώρακα,
368 2422 405 2490 τὸ
421 2421 459 2489 δὲ
473 2418 600 2504 ἔξωθεν
614 2420 752 2490 συνδέον
770 2418 881 2489 πάντα
903 2423 1062 2508 ζωστῆρα.
1098 2421 1229 2489 Scilicet
1250 2420 1366 2486 loricae

196 2556 314 2600 aeneae
327 2534 451 2598 intru⁶⁵
472 2533 605 2599 affixum
619 2536 668 2599 est
682 2533 849 2620 cingulum
864 2532 943 2598 item
957 2553 1091 2597 aeneum
1107 2529 1194 2616 quod
1216 2554 1235 2594 a
1255 2532 1366 2593 ventre

196 2643 236 2707 ad
261 2664 368 2728 genua
394 2642 544 2726 pertinet.
586 2641 659 2707 Hoc
684 2641 850 2727 cingulum
880 2638 972 2723 ζῶμα
1001 2644 1056 2707 est.
1092 2639 1142 2705 Ee
1170 2640 1273 2723 parte,
1304 2659 1368 2721 qua

196 2749 446 2836 hoc'cingulum
467 2748 601 2815 loricam
623 2749 739 2837 tangit,
761 2749 880 2833 duplex
901 2771 955 2814 aes
976 2749 1026 2814 vel
1048 2748 1166 2833 duplex
1188 2744 1288 2810 lorica
1310 2747 1368 2821 est,

197 2855 337 2933 διπλοῦς
365 2846 491 2943 θώρηξ.
532 2856 681 2943 Denique
708 2857 796 2942 quod
817 2856 898 2921 illud
919 2854 1096 2939 cingulum,
1118 2854 1205 2939 quod
1225 2853 1368 2918 Homero

197 2970 247 3034 est
272 2964 380 3047 ζῶμα,
407 2987 481 3050 pars
507 2964 625 3030 loricae
652 2969 716 3045 est,
751 2965 855 3030 utitur
882 2963 978 3028 etiem
1005 2961 1159 3027 vocabulo
1189 2958 1282 3042 ζῶμα
1309 2982 1367 3045 pro

195 3076 304 3142 lorica.
330 3114 370 3125 —
396 3072 570 3138 Vinculum
596 3072 684 3157 quod
710 3076 799 3137 extro
829 3070 961 3136 inicitur
985 3070 1026 3135 ad
1057 3068 1284 3134 continendam
1312 3069 1368 3133 ad-

197 3181 479 3268 stringendamque
494 3180 635 3259 loricam,
657 3182 707 3246 eet
721 3173 856 3264 ζωστήρ.
890 3178 979 3256 Quae
995 3177 1092 3243 etiam
1107 3169 1191 3262 ζώνη
1207 3177 1367 3242 (Ιίυἰλιαθθ.

196 3290 287 3355 Haec
308 3289 416 3355 omnia
438 3293 595 3375 quantum
616 3288 765 3373 equidem
786 3287 934 3372 intelligo
956 3284 1121 3352 verissima
1142 3288 1226 3351 sunt.
1260 3283 1368 3350 Testi-

195 3398 305 3464 monie
325 3397 481 3463 hebemus
502 3397 590 3463 haec.

278 3506 310 3569 A
334 3509 391 3573 133
417 3496 499 3589 αὐτὴ
529 3496 560 3567 d’
585 3493 654 3568 αὖτ’
685 3498 800 3569 ἴθυνεν
829 3497 893 3568 ὅθι
920 3500 1086 3587 ζωστῆρος
1108 3492 1202 3585 ὀχῆες
1220 3494 1367 3587 χρύσειοι

1378 2498 1450 2567 (ιιι)

1387 2579 1433 2630 υτ

264 3743 290 3783 64
307 3739 414 3795 Memor
436 3738 476 3793 rei
493 3737 634 3792 Plnnudco
652 3736 717 3794 dial.
735 3755 852 3807 gramm.
872 3754 916 3807 ap.
935 3736 1049 3791 Bochm.
1069 3737 1167 3791 anecd.
1189 3735 1219 3792 T.
1238 3737 1309 3806 Hp.
1328 3740 1368 3790 84.

195 3856 230 3867 -
247 3824 375 3896 Apollon
392 3823 445 3879 lex.
463 3822 497 3878 Η.
515 3841 544 3893 p.
563 3826 611 3878 538
628 3821 750 3890 μέλλετε
768 3819 899 3887 dolante,
916 3823 968 3876 καλ
983 3814 1116 3875 καθόλου
1134 3819 1169 3876 τὸ
1186 3818 1304 3887 μέλλειν
1321 3819 1372 3875 ἐπὶ

197 3914 251 3966 τοῦ
272 3908 403 3966 ἐοικέναι
425 3901 478 3964 τὸν
498 3910 622 3978 ποιητὴν
643 3903 767 3962 τιθέναι.
804 3905 973 3962 Villoisonus
996 3906 1102 3977 explet:
1130 3903 1274 3975 φαίνεται.
1310 3902 1370 3974 Ego

197 3993 280 4049 fuisse
297 3992 466 4065 putaverim:
491 3992 508 4046 d
525 3982 709 4063 Ἀρίσταρχος
724 3993 929 4060 σεσημείωται.

263 4081 290 4122 ⁶⁵
305 4078 359 4143 Sic,
377 4081 410 4134 ul
421 4077 540 4141 videtur,
561 4076 744 4132 Aristarchus.
769 4074 826 4129 Alii
844 4078 924 4130 extre
941 4075 1056 4130 affixum
1074 4074 1173 4130 dicunt
1191 4078 1227 4142 (v.
1241 4074 1369 4145 Apollon.

198 4164 215 4220 l.
227 4162 261 4217 ll
278 4182 298 4219 c.
320 4165 404 4232 ζῶμα
421 4180 449 4232 p.
467 4166 525 4225 3⁸2,
542 4162 612 4218 item
628 4162 691 4218 Heu.
711 4164 803 4229 ζῶμα,
823 4150 847 4233 ᾧ
865 4156 984 4217 ἐπάνω
1003 4165 1057 4218 τοῦ
1074 4153 1213 4230 θώρακος
1230 4158 1369 4230 ἐχρῶντο.

196 4247 273 4302 Nihil
288 4246 412 4303 interest.

263 4335 289 4376 ⁰⁶
306 4331 442 4402 Reliquae
470 4330 555 4387 etiem
581 4336 671 4388 vestes
701 4348 757 4402 quo
787 4330 898 4386 vinculo
926 4329 1035 4402 corpori
1061 4330 1235 4400 adoptantur
1266 4329 1369 4387 dicitur

198 4420 312 4491 ζωστήρ
330 4420 360 4477 ct
376 4411 461 4488 ζώνη.
490 4416 545 4475 Sed
562 4417 710 4475 mulierum
727 4433 836 4488 semper
854 4410 940 4487 ζώνη,
956 4415 1073 4473 Eumuei
1093 4417 1216 4485 ζωστήρ.
