3425 4934
255 348 259 353 .
354 321 394 384 80
435 313 473 368 ΙΙ.
502 312 543 368 De
562 313 741 369 Arietarehea
757 311 955 367 vocabulorum
972 310 1181 367 Homer-iconum
1197 309 1437 381 interpretatione.
1693 7 1706 347 i

355 486 404 547 est
424 482 504 547 haec
526 502 656 566 quoque
676 481 784 546 herois
810 480 920 546 virtus.
958 478 1044 544 Hinc
1069 479 1150 543 illud
1175 480 1215 545 de
1241 482 1427 544 senescente
1448 477 1524 543 Ido-

354 610 469 654 meneo
493 593 525 652 N
545 596 606 658 509

454 704 638 795 Ἰδομενεὺς
659 704 691 776 δ’
716 708 753 778 ἐκ
773 707 834 795 μέν
854 707 969 788 νέκυος
990 706 1201 795 δολιχόσκιον
1222 704 1315 794 ἔγχος

456 812 615 885 ἐσπάσατ’
641 811 715 884 οὐδ’
740 811 791 905 ἀρ’
815 812 858 884 ἔτ’
883 811 971 883 ἀλλα
994 811 1157 907 δυνήσατο
1178 811 1294 898 τεύχεα
1315 814 1403 882 καλὰ

457 919 580 1011 ἀμοιϊν
601 919 808 1016 ἀφελέσθαι·
831 923 983 1013 ἐπείγετο
1004 925 1066 1012 γὰρ
1089 922 1268 1011 βελέεσσιν.

459 1027 496 1100 σι’
519 1033 582 1119 μδρ
603 1027 648 1100 ἔτ’
671 1028 802 1118 έμπεδα
824 1037 900 1120 γυῖα
921 1034 1038 1100 ποδῶν
1061 1026 1101 1123 ἦν
1122 1029 1316 1123 ὁρμηθέντι,

458 1134 524 1207 οὔτ’
549 1134 599 1227 ἀρ’
624 1139 763 1223 ἐπαΐξαι
782 1136 862 1227 μεθ’
886 1137 942 1211 ἑὸν
961 1140 1061 1226 βέλος
1082 1135 1150 1209 οὔτ’
1173 1135 1354 1209 ἀλέασθαι.

455 1252 503 1336 τῷ
523 1252 566 1333 ῥα
586 1247 644 1315 καὶ
665 1247 700 1316 ἐν
721 1244 839 1340 σταδίῃ
860 1247 920 1334 μέν
941 1242 1080 1333 ἀμύνετο
1103 1246 1214 1337 νηλεές
1234 1240 1334 1337 ἦμαρ,

454 1353 591 1441 τρέσσαι
616 1352 648 1424 δ’
672 1352 784 1425 οὐκέτι
805 1352 916 1447 ῥίμφα
937 1353 1042 1436 πόδες
1062 1355 1167 1446 φέρον
1189 1353 1225 1422 ἐκ
1247 1354 1424 1439 πολέμοιο.

455 1467 515 1529 τοῦ
537 1461 575 1530 δέ
594 1459 702 1555 βάδην
723 1460 885 1543 ἀπιόντος
906 1458 1060 1533 ἀκόντισε
1081 1461 1175 1550 δουρὶ
1196 1467 1327 1553 φαεινῷ

456 1569 635 1661 Δηΐφοβος
656 1613 719 1642 -.

355 1715 428 1793 Quo
454 1715 527 1781 loco
554 1712 690 1801 τρέσσαι
721 1717 895 1784 celeritatis
921 1718 1088 1782 notionem
1113 1717 1192 1781 satis
1220 1738 1402 1802 expressam
1421 1714 1529 1793 habet,

354 1828 452 1909 atque
474 1847 512 1889 ca
532 1825 620 1889 vocis
641 1829 756 1890 natura
777 1831 826 1893 est
847 1831 885 1891 ut
906 1826 1003 1891 etiam
1025 1824 1145 1889 omisso
1166 1819 1275 1911 ῥίμφα
1297 1824 1457 1909 potuisset
1479 1823 1527 1887 di-

355 1953 427 1997 cere
442 1932 529 2016 quod
542 1932 684 2020 intelligi
705 1933 844 2013 volebat,
865 1933 921 1998 sed
943 1954 1009 1997 non
1030 1934 1190 2017 potuisset
1208 1932 1396 2018 φοβεῖσθαι
1416 1924 1528 1996 οάκὲτι

306 2042 338 2093 80
357 2034 461 2116 πόδες
480 2035 612 2128 ἔφερον.
648 2040 712 2107 Sed
732 2040 858 2107 timoris
880 2040 971 2106 notio
994 2039 1084 2104 nulla
1103 2040 1190 2105 inest
1210 2062 1270 2105 nec
1290 2038 1353 2105 hoc
1374 2039 1445 2105 loco
1468 2061 1527 2105 nec

355 2148 396 2213 ab
418 2148 544 2235 origine
565 2147 723 2213 vocabulo
745 2148 839 2213 inest.
884 2144 1011 2211 Mutato
1033 2151 1141 2213 autem
1162 2147 1342 2233 proeliandi
1363 2170 1469 2227 more,
1495 2152 1528 2213 et

354 2255 492 2320 maxime
514 2256 598 2340 apud
619 2254 903 2330 Lacedaemonios,
924 2253 981 2318 ubi
1004 2276 1042 2319 ea
1063 2253 1116 2319 lex
1136 2255 1251 2340 proelii
1273 2259 1322 2320 est
1344 2256 1527 2333 constituta

354 2366 393 2429 ut
418 2385 585 2447 nunquam
611 2360 683 2427 loco
709 2366 862 2447 statuque
883 2361 1032 2441 cedatur,
1061 2383 1127 2426 nou
1155 2362 1335 2427 mirandum
1362 2366 1411 2428 est
1436 2363 1464 2427 si
1495 2356 1527 2426 oi

353 2466 526 2555 τρέσαντες
551 2469 586 2534 in
617 2469 685 2534 acie
714 2470 783 2550 „die
803 2468 999 2553 fitchtigen“
1024 2468 1121 2533 simul
1144 2462 1444 2547 ἀποδειλιάσαντες
1468 2470 1527 2534 visi

354 2578 412 2644 illo
433 2578 564 2643 nomine
584 2575 801 2662 ignominiose
822 2578 1028 2658 notabantur,
1049 2599 1283 2663 nonnunquam
1305 2578 1403 2643 etiam
1424 2577 1528 2643 forma

355 2685 503 2753 vocabuli
524 2686 589 2751 iam
606 2685 678 2769 ipsa
698 2685 739 2749 ad
759 2683 941 2750 irrisionem
961 2688 1115 2769 vergente
1136 2678 1155 2749 δ
1175 2688 1300 2768 τρεσᾶς.
1335 2685 1380 2752 Et
1400 2686 1434 2750 in
1455 2686 1528 2750 uni·

355 2815 482 2860 versum
514 2815 591 2859 sane
622 2795 875 2858 consentaneum
907 2795 957 2858 est
986 2795 1074 2875 τρεῖν
1099 2797 1216 2859 natura
1242 2794 1365 2860 timidis
1390 2794 1528 2859 maxime
1658 2818 1666 2837 ν
1706 2862 1707 2881 ¹

272 2964 276 2979 ,
356 2901 498 2966 accidere
536 2921 656 2985 eosque
695 2903 869 2965 retractare
904 2898 1055 2986 iugamve
1095 2922 1260 2986 capessere
1300 2923 1374 2967 cum
1407 2901 1527 2966 indicio
1706 2890 1707 2907 ¹

355 3009 481 3074 timoris
503 3045 544 3056 —
564 3011 602 3073 ut
615 3008 693 3073 satis
710 3029 879 3073 causarum
900 3007 944 3072 sit
964 3028 1029 3086 cur,
1050 3011 1089 3073 ut
1109 3010 1195 3093 apud
1216 3011 1358 3097 tragicos
1378 2992 1527 3074 nonnun-

356 3137 453 3200 quam
473 3114 595 3181 factum
615 3115 805 3190 invenimus,
826 3116 861 3179 in
883 3115 1050 3180 notionem
1070 3115 1197 3181 timoris
1219 3117 1356 3182 mandre
1376 3116 1529 3202 potuerit.

354 3221 482 3288 Natura
501 3223 639 3305 timidis,
659 3224 802 3306 inquam,
824 3222 891 3287 sive
912 3221 1098 3288 hominibus
1121 3224 1187 3289 sive
1208 3224 1330 3301 bestiis,
1348 3227 1387 3290 ut
1406 3223 1529 3289 colum·

354 3331 420 3411 bis,
443 3331 478 3396 in
507 3331 625 3416 quibus
646 3352 723 3396 sane
746 3329 825 3415 quid
850 3328 894 3394 sit
913 3330 1001 3413 τρεῖν
1023 3331 1145 3414 optime
1166 3331 1306 3419 intelligi
1326 3335 1436 3417 potest
1457 3353 1530 3397 cum

356 3438 451 3505 celeri
477 3438 580 3526 gradu
607 3438 674 3503 sive
703 3437 814 3504 volatu
840 3459 876 3503 se
900 3435 973 3503 loco
1000 3437 1166 3516 auferunt,
1195 3438 1290 3506 facile
1321 3462 1377 3505 eae
1399 3438 1530 3524 quidem

355 3545 534 3631 periculum
564 3544 764 3630 suspicantes
792 3549 826 3610 et
853 3545 997 3629 pavidae.
1043 3544 1149 3624 Quare
1175 3548 1347 3633 praecipue
1367 3540 1533 3631 τρήρωνες

356 3654 468 3719 dictae.
499 3655 548 3719 Ac
562 3654 602 3719 de
617 3653 775 3719 columbis
788 3656 884 3737 putes
901 3651 1022 3719 dictum
1035 3654 1134 3720 fuisse
1153 3654 1324 3740 pulchrum
1338 3655 1531 3722 vocabulum

355 3760 396 3826 ab
417 3760 580 3846 Hesychio
608 3764 771 3826 servatum
796 3752 974 3842 ἀνέτρεσαν
1000 3753 1277 3850 ἀνεφοβήθησαν,
1306 3768 1339 3829 et
1367 3764 1407 3829 de
1433 3762 1530 3828 simili

356 3869 496 3953 quadam
520 3870 625 3935 bestia
650 3891 689 3934 ex
715 3890 833 3955 genere
858 3868 1046 3954 pavidorum
1071 3871 1182 3954 potius
1209 3893 1305 3956 quam
1332 3872 1371 3937 de
1397 3870 1529 3937 homine

357 3977 444 4060 quod
464 3977 549 4042 idem
572 3976 709 4043 servavit
728 3973 847 4064 τρηρὸς
868 3971 1041 4064 ἐλαφρός
1062 3972 1183 4055 δειλός.

439 4117 502 4184 Sed
524 4120 565 4184 ad
585 4140 687 4184 unum
707 4118 817 4184 locum
838 4116 1047 4185 Homericum
1067 4118 1268 4185 redeundum
1286 4123 1336 4186 est
1355 4121 1395 4183 A
1417 4125 1487 4187 546.

459 4240 543 4320 Ζεὺς
564 4239 602 4309 δδ
620 4239 730 4331 πατὴρ
751 4235 883 4307 Αἴανθ’
906 4236 1069 4329 ὑψίζυγος
1090 4238 1125 4308 ἐν
1147 4238 1257 4330 φόβον
1278 4231 1395 4327 ὦρσεν·

459 4351 519 4439 στῆ
540 4346 578 4416 δέ
597 4345 725 4438 ταφών,
748 4342 875 4417 όπιθεν
893 4346 930 4415 δέ
951 4341 1054 4428 σάκος
1074 4344 1176 4432 βάλεν
1198 4343 1405 4435 ἑπταβόειον.
