3425 4934
563 303 586 354 2.
609 292 733 369 βάλλειν,
754 291 961 364 001οἇ000000.
1306 307 1346 368 59

177 462 342 527 Hactenus
364 485 446 548 quac
468 465 613 548 exposita
634 471 710 533 0006
731 490 769 531 00
790 467 856 531 sive
876 488 944 531 rem
964 465 1067 550 ipsam
1089 468 1269 549 spectamus
1288 486 1345 530 000
1363 477 1395 527 58

177 570 408 654 comprobandi
421 572 580 637 rationem
597 596 653 638 seu
668 596 763 639 usum
777 574 922 639 criticum
937 573 1080 637 omnium
1095 572 1214 637 debent
1227 577 1348 656 puncta

176 676 266 745 ferre.
299 676 395 754 Quod
408 701 494 743 nunc
508 680 654 764 sequitur
670 681 746 745 huic
761 702 922 747 annexum
941 679 1077 744 fortusse
1099 680 1139 744 ab
1162 679 1232 743 aliis
1254 678 1347 744 aliter

176 783 410 850 diiudicabitnr.
446 785 528 852 cum
542 780 679 852 οὐτάσαι
695 809 763 853 000
778 787 902 852 dicatur
921 786 984 851 nisi
1003 786 1187 851 1000100ιο
1203 787 1346 852 cominus

175 889 265 956 illato
294 892 441 957 rideatur
458 893 534 958 1010
556 895 688 961 ductum
714 896 952 961 substantivum
979 885 1097 978 ὠτειλή
1125 895 1163 959 10
1190 895 1347 959 eiusmodi

175 1001 300 1062 tantum
320 999 425 1085 plagis
445 1000 507 1066 (lici
527 1025 630 1085 posse.
662 1002 707 1067 Et
726 1002 780 1067 hic
795 1025 872 1067 usus
886 1001 1048 1066 invenitur
1061 1001 1112 1065 his
1128 1001 1222 1066 locis:
1244 1002 1345 1070 Baro

177 1104 227 1184 (cf.
251 1109 334 1188 858).
373 1111 412 1169 A
431 1114 493 1176 266
515 1110 583 1191 (ubi
603 1110 745 1175 Ariston.
766 1106 817 1175 ὅτι
838 1107 900 1195 τὴν
920 1105 957 1173 ἐκ
975 1105 1086 1194 χειρὸς
1100 1106 1228 1194 πληγὴν
1250 1099 1346 1173 ὠτει-

175 1209 236 1299 λὴν
256 1208 358 1297 λέγει,
379 1213 473 1297 παρὰ
493 1214 532 1282 τὸ
555 1212 700 1284 οὐτάσαι.
735 1218 781 1284 cf.
804 1220 888 1299 252).
910 1214 943 1284 Ξ
961 1222 1030 1285 518.
1052 1218 1090 1278 Π
1110 1221 1171 1285 862
1192 1216 1244 1299 (cf.
1264 1218 1346 1299 820).

176 1320 1345 1409 Pwmmufflmommmummm

177 1431 256 1511 162).
291 1437 385 1500 0466
407 1430 458 1512 (ct
473 1436 556 1516 449).
588 1455 615 1497 ιο
635 1437 702 1510 189,
724 1455 789 1517 quo
811 1432 883 1497 loco
906 1432 1026 1497 dictum
1049 1436 1098 1497 006
1118 1424 1411 1518 occuparemus

176 1536 215 1615 (0.
229 1559 248 1614 χ
262 1542 333 1606 293.
349 1541 431 1623 308),
452 1542 490 1603 06
513 1544 545 1601 Τ
555 1545 603 1608 25.
637 1543 667 1602 Σ
678 1545 748 1617 351,
770 1539 825 1604 ubi
845 1538 908 1604 hoc
926 1539 966 1603 ab
983 1539 1165 1603 Aristonico
1188 1540 1345 1603 notatum

174 1644 328 1709 Attamen
356 1644 419 1710 100
446 1651 523 1712 0006
548 1647 610 1712 1001
632 1647 689 1711 ubi
715 1639 835 1735 ὥτειλή
866 1647 983 1711 dicitur
1008 1646 1047 1710 10
1076 1645 1205 1710 vulnere
1228 1645 1347 1730 sagitta

173 1750 274 1828 illato,
296 1753 329 1815 Δ
344 1761 403 1821 146
425 1754 477 1835 (cf.
499 1755 540 1818 ad
564 1758 634 1837 157)
658 1759 767 1821 06141)
790 1745 921 1837 (αὐτίκα
944 1745 976 1817 δ’
1000 1748 1110 1837 έρόεεν
1131 1742 1215 1832 αἷμα
1237 1751 1346 1815 κελαι-

174 1855 269 1944 νεφές
283 1853 321 1938 έξ
332 1851 473 1948 ὠτειλῆς
487 1866 520 1927 06
534 1854 578 1938 ὡς
594 1850 681 1924 εἶδεν
694 1857 801 1942 μέλαν
823 1849 907 1942 αἷμα
929 1855 1110 1945 καταῤῥέον
1130 1856 1168 1940 ἐξ
1186 1852 1346 1947 ὠτειλῆς),

176 1966 213 2030 10
233 1966 383 2033 Μο00100
404 1967 544 2034 Paudari
565 1968 684 2054 sagitta
704 1969 817 2035 icto³⁵.
860 1968 954 2046 Quod
976 1990 1049 2033 cum
1070 1967 1257 2033 Aristarcho
1279 1988 1345 2032 uon

174 2074 334 2140 videretur
359 2077 428 2140 fieri
453 2099 563 2161 posse,
596 2076 657 2141 hos
685 2099 795 2141 versus
822 2076 916 2140 obelo
944 2075 1077 2142 0060016.
1127 2074 1180 2141 Ad
1206 2075 1345 2160 priorem

173 2181 278 2247 locum
292 2186 483 2248 annotatum
502 2187 564 2248 est:
586 2178 755 2248 ἀβετεῖται
770 2179 822 2248 ὅτι
841 2175 902 2247 οὐκ
923 2174 963 2245 ἂν
985 2179 1079 2264 λέγοι
1090 2177 1238 2268 Ὅμηρος
1251 2174 1345 2245 ὠτει-

174 2286 234 2376 λὴν
253 2288 291 2354 τὸ
315 2286 352 2355 ἐκ
373 2289 478 2376 βολῆς
495 2294 636 2375 τραῦμα,
658 2292 698 2356 01
721 2283 1189 2356 016οωοιἀβετεῖταιπάλιν
1211 2285 1268 2353 διὰ
1285 2286 1346 2372 τὴν

174 2389 318 2485 ὠτειλήν.
353 2398 399 2463 Et
412 2402 450 2464 06
469 2398 576 2463 minus
596 2398 778 2463 dubitemus
802 2398 840 2463 10
863 2402 969 2485 etymo
991 2421 1057 2463 non
1079 2399 1258 2463 omiserunt
1275 2397 1345 2461 ani·

173 2506 371 2572 madvertere
400 2507 441 2571 ad
462 2505 496 2574 Ξ
514 2511 574 2573 518
599 2498 669 2570 κατ’
699 2501 882 2591 οὐταμένην
910 2498 1068 2590 (ὀτειλήνε
1095 2498 1127 2595 (ἡ
1151 2503 1254 2592 oculu
1293 2500 1346 2569 ὅτι

173 2612 437 2697 παρεταμολογεῖ
454 2610 516 2698 τὴν
529 2605 670 2702 ὠτειλὴν
691 2605 761 2679 ἀπὸ
782 2615 841 2678 τοῦ
863 2608 990 2681 οἴταοε.
1024 2615 1071 2679 At
1085 2614 1150 2679 dixi
1164 2614 1229 2678 iam
1250 2616 1345 2677 antea

175 2720 212 2786 (10
226 2720 290 2787 hoc
304 2745 371 2787 non
387 2745 487 2787 unum
504 2722 648 2786 omnium
661 2722 816 2787 iudicium
830 2721 911 2786 fore:
927 2743 989 2807 ego
1005 2742 1171 2787 assensum
1186 2721 1344 2786 sustineo:

174 2827 310 2894 lectores
330 2834 483 2914 reputent
505 2829 582 2914 quid
608 2828 724 2913 reliqui
750 2829 813 2893 loci
840 2829 928 2893 haud
949 2851 1026 2892 0000
1047 2830 1141 2912 pauci
1162 2827 1292 2892 valeant
1313 2830 1346 2891 et

173 2935 259 3017 qnod
286 2936 321 2999 in
346 2929 632 3024 00006011οβ01ή,
653 2932 770 3020 βέλος,
799 2929 909 3022 πληγή
936 2957 957 2999 0
976 2931 1114 3017 βάλλειν
1134 2940 1168 3001 06
1188 2932 1345 3022 alricum

173 3040 276 3105 ductis
290 3047 436 3106 servatur
452 3043 597 3128 possitne
617 3045 771 3109 continuo
795 3044 835 3109 ad
857 3036 976 3129 ὥτειλή
998 3042 1173 3124 transferri,
1193 3043 1281 3127 quod
1303 3041 1343 3105 ab

173 3141 423 3230 01τέσαιο1100
449 3151 534 3215 enim
560 3156 667 3216 ortum
695 3173 765 3217 esse
790 3151 843 3216 vix
864 3149 975 3215 licebit
996 3150 1155 3234 dubitare)
1182 3149 1392 3217 0610010050

173 3258 204 3318 06
218 3255 455 3341 significatione
470 3258 568 3343 paulo
584 3263 670 3324 certe
685 3259 778 3325 abest
791 3258 935 3343 lougius:
956 3258 1014 3322 001
1026 3257 1089 3322 hoc
1103 3279 1144 3322 ne
1166 3257 1342 3343 negligant,

173 3362 258 3444 quod
274 3362 315 3427 ad
328 3364 551 3429 Aristarchum
568 3368 827 3450 cognoscendum
843 3364 928 3443 facit
945 3385 1042 3449 quam
1055 3364 1199 3429 modeste
1216 3364 1343 3429 dixerit:

172 3464 236 3533 ὅτι
262 3462 334 3534 οὐκ
355 3462 401 3534 ἂν
420 3468 720 3559 λέγοιὍμηρος
740 3511 790 3540 -.

251 3574 328 3642 Νο0
355 3578 528 3663 probamus
551 3579 662 3659 hodie,
688 3582 777 3665 quod
802 3581 928 3664 aliquot
951 3580 1030 3645 locis
1056 3574 1156 3659 βέλος
1176 3583 1342 3662 acceptum

172 3689 221 3747 est
239 3707 298 3769 pro
313 3685 453 3751 0010000.
496 3688 599 3754 6513
614 3679 687 3751 ἀλλ’
706 3684 752 3764 ὥς
772 3711 823 3765 τις
842 3682 966 3753 τούτων
986 3708 1023 3770 γε
1040 3681 1141 3769 βέλος
1154 3684 1212 3750 καὶ
1225 3678 1344 3750 οἴκοθι

172 3787 291 3879 uturp:
323 3788 356 3880 (ἡ
386 3791 503 3881 διπλῆ)
530 3790 582 3860 6οι
610 3789 710 3877 βέλος
739 3788 849 3882 εἴρηκε
876 3792 915 3861 τὸ
945 3796 1061 3880 τρῶμα
1089 3786 1271 3874 ὁμωνύμως
1296 3794 1344 3877 τῷ

170 3893 392 3981 τιτρώσκοντι.
426 3898 535 3971 Ξ439
555 3897 655 3983 βέλος
676 3895 708 3965 δ’
730 3896 779 3966 ἔτι
800 3900 912 3983 θυμὸν
933 3893 1074 3983 ἐδάμνα·
1098 3895 1153 3966 ὅτι
1170 3895 1271 3982 βέλος
1287 3896 1344 3965 τὸν

171 4004 373 4095 βεβλημένον
398 4001 511 4076 τόπον.
558 4007 715 4074 Nostrum
750 4014 801 4075 006
830 4009 894 4075 hoc
924 4030 963 4072 cx
992 4013 1137 4073 veterum
1174 4006 1343 4091 disciplina

233 4267 259 4308 ⁸⁶
276 4265 355 4320 Idem
368 4265 488 4320 Menelai
505 4265 606 4320 001000
624 4259 709 4329 ἕλκος
726 4264 897 4320 1101600196.
916 4272 978 4322 217:
996 4264 1072 4333 quod
1089 4264 1124 4318 10
1143 4266 1262 4334 utroque
1279 4264 1329 4319 001

169 4365 264 4403 nerum
281 4366 387 4421 genere
404 4349 512 4407 dicitur.
