3425 4934
283 313 286 320 Δ
325 345 348 414 i,
378 339 419 403 De
438 337 634 419 grammaticis,
652 348 701 419 qui
718 344 887 405 ἔνστατικοί
904 350 934 406 et
951 347 1068 407 λυτικοί
1084 345 1154 406 dicti
1171 353 1244 405 sunt.
1308 353 1369 419 205

1380 487 1452 559 (ια)

283 516 346 599 §3-
383 516 547 595 Quantum
560 540 635 584 vero
650 517 871 583 immodestiae
891 540 929 584 ac
948 519 1057 603 potius
1077 517 1296 604 impudentiae
1316 516 1368 581 his
1386 569 1435 619 208

200 626 424 690 tortuosarum
449 627 674 710 quaestionum
702 626 923 710 captatoribus
948 626 1143 711 posteriores
1169 624 1369 711 grammatici

198 732 269 797 iure
294 731 432 797 adscribi
458 755 554 818 posse
584 732 730 797 arbitrati
759 732 838 811 sint,
863 753 903 797 ex
926 732 1129 799 memorabili
1154 732 1278 799 scholio
1296 731 1369 797 Ari·

200 838 317 904 stonici
330 843 472 924 apparet,
497 843 525 901 Y
537 843 598 909 269
613 831 814 903 dracena
833 832 941 919 στίχοι
962 831 1003 924 δ’,
1025 835 1077 905 ὅτι
1100 834 1371 921 διεσκευασμένοι

200 939 282 1010 εἰσὶν
305 939 374 1010 ὑπό
399 968 490 1023 τινος
515 949 581 1010 τῶν
608 941 822 1030 βουλομένων
846 939 1028 1031 πρόβλημα
1053 947 1172 1013 ποιεῖν.
1216 948 1369 1014 Attamen

198 1055 234 1120 hi
260 1076 370 1120 versus
391 1053 567 1120 Aristotele
592 1054 803 1140 antiquiores,
832 1055 932 1120 immo
960 1056 1106 1140 quaestio
1132 1056 1203 1140 ipsa
1221 1054 1367 1119 versibus
1379 1059 1451 1130 (211)

200 1161 376 1227 adhaerens
391 1162 456 1225 iam
470 1162 638 1227 Aristoteli
652 1166 784 1240 tentata,
798 1166 885 1247 poet.
900 1161 1006 1227 XXVI
1021 1168 1069 1229 22.
1106 1162 1224 1229 Similis
1238 1184 1369 1247 prorsus

199 1269 343 1334 eiusdem
376 1270 577 1354 grammatici
611 1269 793 1336 observatio
823 1273 857 1333 Κ
881 1275 943 1337 372
969 1265 1023 1336 ὅτι
1052 1266 1211 1347 θέλοντες
1242 1263 1370 1356 ζήτημα

199 1377 312 1439 ποιεῖν
342 1367 594 1465 μεταγράφουσι
630 1375 669 1441 τὸ
697 1369 887 1462 ἡμιστίχιον
916 1370 1021 1454 οὕτως
1048 1373 1130 1454 „aci
1159 1369 1263 1460 βάλεν
1294 1368 1368 1442 οὐδ’

199 1474 411 1567 ἀφάμαρτεν,
444 1477 528 1548 ἑκὼν
556 1476 587 1547 d'
614 1476 784 1570 ἡμάρτανε
811 1476 949 1573 φωτόςῑί
979 1487 1050 1571 (pro
1075 1475 1099 1571 ἦ
1126 1487 1169 1569 ῥα
1195 1480 1253 1548 καὶ
1278 1477 1371 1568 ἔγχος

200 1581 348 1677 ἀφῆκεν,
380 1583 427 1656 ἑκ.
446 1595 510 1671 -).
553 1591 647 1658 Certe
673 1591 931 1678 Virgiliomastix
958 1593 1036 1659 talia
1063 1615 1160 1658 ausus
1189 1596 1251 1657 est:
1283 1590 1370 1657 Serv.

200 1696 302 1783 eclog.
331 1696 363 1762 Π
388 1704 429 1764 22
459 1721 554 1778 ,sane
586 1698 673 1765 hunc
709 1722 836 1766 versum
870 1700 953 1764 male
985 1701 1187 1786 distinguens
1213 1698 1370 1783 Virgilio-

200 1806 317 1870 mastix
341 1805 515 1891 vituperat:
547 1805 610 1873 Lac
635 1808 716 1871 mihi
742 1830 808 1873 nou
839 1811 961 1873 aestate
988 1829 1122 1885 novum,
1149 1829 1215 1872 non
1236 1807 1371 1891 frigore:

200 1912 286 1990 defit,
308 1913 329 1976 i.
354 1935 381 1978 e.
403 1935 530 2000 semper
554 1914 634 1979 mihi
657 1914 772 1980 deest“.
815 1914 865 1979 De
886 1914 1063 1980 Aristonici
1090 1913 1370 1981 observationibus

201 2019 356 2104 quidquid
390 2021 592 2100 indicaveris,
625 2022 847 2087 demonstrant
877 2025 986 2088 tamen
1021 2022 1304 2105 grammaticorum
1332 2021 1370 2087 de

199 2128 335 2192 vetustis
350 2128 576 2212 quaestionum
589 2128 824 2214 professoribus
839 2128 1002 2194 iudicium.
1038 2128 1110 2206 Quo
1125 2129 1229 2215 magis
1247 2129 1371 2208 mirere,

200 2361 306 2417 rabiem
322 2361 476 2432 profectam
495 2359 580 2416 fuisse
598 2360 651 2426 „ab
668 2361 822 2418 acerbitate
840 2366 870 2418 et
884 2361 1026 2433 pravitate
1043 2360 1154 2417 animi.“
1190 2363 1235 2416 An
1252 2359 1371 2430 cogitari

200 2449 306 2516 potest,
333 2445 475 2516 pravitate
497 2444 584 2499 animi
606 2462 776 2515 quemquam
801 2447 933 2503 insectari
954 2446 1078 2517 priscum
1101 2445 1274 2515 scriptorem,
1292 2445 1370 2501 euius

200 2546 252 2585 nec
273 2529 309 2584 de
330 2529 390 2585 vita
411 2547 463 2585 nec
485 2529 521 2585 de
545 2529 627 2584 factis
646 2530 801 2600 quidquam
823 2533 984 2587 constaret?
1010 2529 1094 2597 Quasi
1113 2529 1174 2600 quis
1190 2530 1275 2585 hodie
1291 2530 1371 2585 mali-

200 2614 279 2669 volus
295 2613 326 2668 in
343 2613 458 2685 Ulphila
476 2613 616 2683 carpendo
634 2614 687 2668 sibi
704 2613 816 2685 plaeere
833 2619 937 2686 posset.
967 2615 1109 2670 Admonet
1120 2613 1237 2668 Wolfius
1254 2615 1289 2669 de
1307 2614 1369 2670 Vet.

199 2697 373 2754 Testamenti
391 2696 660 2768 reprehensionibus.
697 2701 734 2753 At
756 2716 792 2754 ne
809 2701 862 2754 hae
880 2700 995 2770 quidem
1012 2716 1030 2754 a
1046 2698 1186 2769 pravitate
1204 2697 1290 2752 animi
1307 2716 1370 2768 pro-

199 2783 298 2846 fectae,
319 2782 368 2837 sed
389 2799 407 2837 a
427 2782 605 2853 persuasione
624 2782 772 2838 rationum.
818 2783 899 2850 Quod
924 2800 990 2839 vero
1011 2784 1042 2837 in
1063 2781 1206 2850 Sallmtio,
1230 2782 1370 2847 Cicerone,

200 2866 319 2937 Virgilio
336 2868 444 2922 iactum
461 2870 504 2923 est
520 2867 543 2920 si
561 2866 606 2921 eui
623 2871 778 2932 succurrat,
802 2867 833 2922 id
847 2872 878 2925 et
895 2868 955 2924 fieri
972 2870 1085 2939 poterat
1101 2865 1200 2921 iustius
1217 2870 1247 2921 et
1263 2867 1370 2921 factum

200 2954 242 3007 est
260 2950 364 3022 partim
381 2968 513 3021 perversa
529 2951 688 3007 imitatione
705 2951 808 3022 partim
833 2952 926 3008 studio
950 2951 1026 3008 civili
1042 2953 1072 3005 et
1089 2949 1277 3005 aemulatione
1294 2949 1371 3008 artis.

199 3038 260 3091 Iam
282 3039 315 3091 ut
341 3035 375 3090 de
393 3035 468 3090 Zoilo
492 3034 584 3090 dicam
606 3036 682 3105 quod
704 3036 807 3100 sentio,
829 3054 887 3092 non
909 3035 1032 3107 graviter
1049 3032 1241 3104 reprehendit,
1264 3034 1313 3090 sed
1331 3034 1370 3102 (id

199 3119 273 3190 quod
289 3120 448 3189 fragmenta
463 3119 526 3190 ipsa
543 3119 746 3182 demonstrant)
764 3119 859 3186 irrisit,
880 3139 937 3176 non
953 3119 1114 3182 Homerum,
1131 3118 1180 3173 sed
1196 3118 1290 3174 studia
1307 3119 1370 3174 doc

198 3209 298 3260 torum
332 3204 366 3259 ln
383 3221 416 3260 eo
433 3204 457 3259 ai
474 3204 556 3260 multi
573 3220 630 3259 non
647 3203 846 3260 intellexerunt
863 3205 1063 3268 cavillatorem,
1079 3203 1156 3258 idem
1174 3203 1200 3257 ei
1217 3203 1293 3272 quod
1309 3201 1370 3257 Pla·

198 3289 259 3345 toni
276 3287 387 3344 accidit.
424 3290 474 3353 At,
492 3289 598 3359 inquit,
616 3306 674 3344 non
691 3307 747 3348 uno
765 3289 902 3345 eiusmodi
919 3291 1067 3345 contentus
1083 3286 1139 3343 fuit
1158 3286 1299 3358 opusculo,
1316 3287 1371 3342 tria

199 3373 325 3429 novimus
342 3373 497 3435 Homerica.
515 3373 642 3429 novimus
659 3376 805 3443 praeterea
823 3374 954 3430 adversus
972 3373 1118 3428 Platonem
1137 3388 1201 3427 eum
1218 3375 1304 3441 atque
1316 3371 1370 3426 leo·

199 3461 305 3513 cratem
321 3456 469 3527 scripsisse.
506 3456 566 3513 Hoc
583 3458 647 3513 ideo
664 3457 784 3523 factum,
807 3458 883 3528 qnod
901 3476 958 3514 non
975 3455 1062 3512 animi
1079 3472 1164 3511 cause
1180 3454 1304 3525 scripsit,
1321 3455 1370 3510 aed

200 3541 372 3613 disciplinae.
412 3541 613 3614 Philosophum
637 3541 721 3598 fuisse
738 3541 837 3597 Suidas
859 3542 948 3598 tradit
969 3538 1086 3613 „bultem
1108 3540 1142 3596 dh
1163 3530 1196 3610 ἦν
1217 3540 1267 3595 καὶ
1288 3532 1372 3608 φιλό-

199 3634 319 3696 σοφος.“
349 3625 443 3693 Qualis
459 3643 526 3682 vero
543 3626 748 3697 philosophus?
771 3626 911 3683 Videlicet
927 3624 1055 3695 cynicus.
1073 3624 1181 3680 Aelian.
1193 3623 1226 3678 V.
1239 3624 1273 3682 H
1286 3623 1326 3679 XI
1339 3629 1370 3678 10

198 3709 332 3768 ἐκαλεῖτο
350 3712 375 3767 δ’
394 3705 411 3768 ὃ
428 3708 543 3777 Ζωΐλος
560 3704 647 3775 οὗτος
662 3705 751 3766 Κύων
773 3703 942 3783 ῥητορικόςι
971 3728 1027 3780 quo
1046 3709 1159 3766 nomine
1176 3725 1260 3779 quem
1277 3707 1370 3779 aptius

199 3794 348 3867 significari
365 3796 529 3868 putabimus
552 3813 637 3866 quam
656 3796 809 3859 rhetorem,
832 3794 882 3864 qui
906 3793 983 3849 idem
1001 3798 1073 3850 esset
1090 3793 1228 3864 Cynicus?
1254 3792 1292 3848 lit
1307 3792 1370 3862 lege

198 3880 269 3936 mihi
286 3880 446 3946 Aelianum,
472 3880 584 3952 qualem
607 3880 706 3937 eodem
722 3879 784 3936 loco
803 3878 924 3935 hominis
941 3879 1071 3934 habitum
1089 3877 1235 3949 depingat:
1263 3893 1370 3933 merum

198 3982 332 4036 agnosces
353 3966 488 4035 cynicum.
525 3964 599 4036 Ergo
616 3964 640 4020 si
657 3964 789 4034 Diogeni,
810 3966 844 4018 nt
861 3979 971 4028 censeo,
997 3965 1027 4019 et
1045 3963 1165 4018 maxime
1181 3960 1316 4032 Menippo
1334 3961 1371 4016 si·

199 4049 271 4105 milis
285 4053 347 4106 erat
357 4050 454 4116 Zoilus,
472 4047 704 4119 σπουδογέλοιος
715 4047 779 4112 luit,
796 4051 826 4103 et
837 4047 975 4102 dictorum
991 4046 1214 4117 scriptorumque
1226 4045 1285 4101 eius
1295 4046 1371 4102 idem

199 4152 262 4190 cum
279 4133 335 4189 illis
353 4134 435 4200 color,
451 4135 527 4190 idem
546 4132 702 4189 consilium.
720 4164 754 4172 -
771 4130 878 4187 Novem
896 4131 954 4188 eins
970 4131 1057 4187 libros
1068 4131 1199 4187 adversm
1216 4130 1370 4186 Homerum
1387 4141 1436 4192 208

196 4219 273 4291 ipses
293 4221 364 4291 puto
386 4218 534 4290 inscriptos
554 4218 639 4272 irrisae
656 4209 882 4287 Ὁμηρομάστιξ,
905 4220 938 4272 ut
954 4216 1055 4272 Licinii
1071 4215 1143 4271 liber
1161 4214 1369 4270 Ciceromastix:

197 4303 327 4360 similiter
343 4302 457 4358 Carvilii
468 4300 705 4359 Aeneidomastix.
737 4299 869 4357 Ceterum
879 4300 928 4355 illa
940 4302 1034 4357 omnia
1047 4300 1084 4356 ed
1095 4317 1183 4356 unum
1194 4299 1370 4369 eundemque

196 4388 306 4446 Zoilum
322 4386 463 4458 pertinere
480 4389 567 4458 patet
