3425 4934
467 330 488 378 l.
507 322 659 379 Aristonici
676 322 746 377 liber
764 323 799 377 dc
816 321 890 377 notis
907 322 1067 378 Aristarchi.
1316 336 1352 394 15

174 491 270 569 libro,
291 513 359 575 quo
380 492 576 574 ‚Aristarchi
598 497 702 570 notas,
730 492 847 577 quibus
869 493 975 558 aliena
1001 492 1142 558 earmina
1167 497 1353 579 compunxit
1367 517 1397 567 15

176 598 391 684 <conpinxit>,
420 604 670 685 recognoverat‘
695 599 818 683 (Senec.
840 623 889 685 ep.
913 607 967 677 88,
989 604 1051 686 39).
1080 642 1119 652 -
1147 600 1290 668 Similem
1312 601 1353 666 li·

174 706 271 771 brnm
296 707 446 772 novimus
472 706 643 773 Philoxeni
674 705 753 790 περὶ
783 704 928 795 σημείων
953 713 1018 774 τῶν
1045 706 1077 775 ἐν
1102 711 1143 798 τῇ
1164 701 1283 774 Ἰλιάδι
1312 713 1352 793 (v.

176 813 288 896 said).
331 814 490 901 Diogenis
517 814 581 895 (vel
608 816 815 902 Diogeniani)
840 817 923 884 liber
943 814 1022 899 περὶ
1047 820 1114 883 τιῦν
1135 813 1171 881 ἐν
1189 821 1261 895 τοῖς
1276 821 1353 903 βιβ-
1366 833 1420 901 (18)

176 918 262 998 λλοις
296 915 441 1007 σημείων
476 921 591 1005 (Suid.)
628 928 661 989 et
695 922 851 1005 Suetonii,
886 927 976 992 euius
1011 926 1096 991 idem
1122 926 1218 991 index
1249 926 1302 1006 (id.
1329 949 1352 994 s.

180 1026 419 1114 Τράχκολλος),
445 1030 595 1096 videntur
620 1032 730 1116 potius
755 1032 789 1097 in
824 1033 1013 1119 explicanda
1043 1038 1174 1100 externa
1204 1037 1354 1099 notarum

175 1135 282 1201 forma
303 1137 421 1203 versati
443 1160 513 1203 esse
536 1141 668 1223 etquid
689 1139 835 1226 singulae
857 1144 954 1206 notae
976 1142 1009 1206 in
1030 1142 1168 1228 singulis
1190 1142 1353 1227 scriptori·

175 1243 237 1309 bus
265 1266 305 1310 ex
335 1245 619 1331 grammaticorum
650 1269 739 1313 more
770 1247 950 1314 indicarent
981 1251 1163 1335 expositum
1192 1249 1353 1316 habuisse.

176 1350 309 1417 Etenim
330 1353 459 1419 caedem
482 1358 579 1419 notae
600 1353 664 1420 alia
684 1357 718 1420 in
739 1355 809 1420 aliis
830 1357 1041 1439 scriptoribus
1067 1357 1302 1445 significabant.
1324 1380 1352 1421 v.

176 1458 304 1546 Menag.
330 1460 371 1525 ad
398 1460 493 1548 Diog.
519 1462 572 1529 La.
593 1460 641 1527 HI
663 1470 712 1531 65.
739 1500 779 1512 -
803 1461 920 1530 Isidori
953 1465 1056 1551 origg.
1087 1469 1184 1551 caput
1211 1463 1228 1529 I
1254 1471 1294 1533 20
1322 1468 1355 1529 et

177 1567 295 1632 similia
318 1590 422 1653 nuper
446 1568 578 1635 inventa
603 1571 644 1635 ad
670 1568 819 1637 Suetonii
853 1572 972 1637 librum
1006 1571 1118 1639 referri
1148 1577 1283 1638 constat.
1313 1571 1353 1638 V.

177 1675 417 1747 Reifferscheid.
438 1699 468 1761 p.
494 1682 560 1745 138.
581 1715 624 1727 -
647 1677 711 1744 Sed
732 1701 770 1745 ex
791 1680 960 1746 Anecdoto
981 1678 1137 1759 Parisino,
1159 1680 1247 1765 quod
1268 1702 1354 1746 nunc

178 1789 227 1849 est
247 1784 335 1869 apud
355 1783 655 1851 Reifferscheidinm
675 1809 706 1870 p.
731 1793 799 1867 139,
825 1786 887 1852 hcc
913 1788 1101 1871 apposuisse
1127 1788 1256 1853 adrem
1278 1810 1354 1853 nos·

177 1895 260 1956 trum
281 1891 469 1976 pertinebit:
490 1892 708 1973 ‚Asteriscum
729 1894 963 1979 Aristophanes
984 1896 1169 1979 apponebat
1189 1895 1253 1960 illis
1274 1894 1353 1960 locis

179 2176 269 2228 tatum
296 2191 356 2231 esse
378 2175 569 2230 Herodianum
595 2175 704 2245 aliquot
732 2175 847 2232 saeculis
876 2175 1066 2246 posteriorem.
1113 2175 1277 2246 <Dind0rfio,
1306 2176 1354 2244 qui

179 2262 316 2328 punctum
327 2260 422 2331 posuit
432 2265 498 2331 post
507 2253 663 2332 τρόφιμον,
675 2260 763 2316 verba
776 2251 821 2317 dtr
838 2255 874 2315 τὸ
884 2255 972 2332 τρόφι
991 2264 1128 2331 ἀποκοπῇ
1137 2264 1192 2317 τοῦ
1209 2258 1356 2331 τρόφιμον

179 2342 330 2401 Aristonici
352 2344 484 2401 videntur
506 2347 584 2415 esse.)
601 2376 636 2387 —
658 2345 686 2401 K
703 2351 735 2401 18
757 2347 774 2415 ὴ
798 2347 885 2415 διπλῆ
910 2334 955 2401 ὅτι
977 2345 1133 2416 Πάμφιλος
1152 2347 1206 2415 τὴν
1221 2338 1274 2401 cul
1289 2335 1355 2399 οἰνα-

179 2428 309 2500 στρλφει
330 2422 539 2500 πιθανώτερον
555 2428 590 2485 λλ
606 2428 671 2486 ἔστι
687 2429 723 2486 τὸ
741 2423 910 2486 ἀκόλουθον
925 2430 1125 2501 φυλάττοντας
1142 2421 1355 2497 ἀναγινώσκειν

178 2506 227 2567 ἐπὶ
242 2517 365 2582 πρῶτον
383 2508 529 2583 Νέστορα.
554 2506 650 2578 οὕτως
670 2503 920 2584 ὁἊσκαλωνλτης.
954 2514 1117 2570 Observatio
1138 2512 1284 2584 prosodica
1301 2511 1354 2566 Hc·

178 2596 287 2652 rodiani
308 2601 352 2653 est
373 2598 433 2669 (sed
457 2597 564 2661 mutila
582 2616 607 2653 v.
627 2602 731 2667 quaest.
756 2616 799 2669 ep.
824 2614 897 2666 spec.
916 2599 930 2652 1
947 2600 964 2669 g
982 2605 997 2655 9
1015 2617 1042 2669 p.
1062 2604 1102 2655 2⁰.
1121 2602 1151 2652 21
1172 2599 1291 2666 <quaest
1310 2613 1353 2666 ep.

179 2699 207 2751 p.
224 2684 291 2753 84>).
326 2682 382 2738 Sed
400 2687 417 2753 ὴ
435 2684 520 2753 διπλῆ
538 2678 585 2738 ὅτι
603 2682 682 2738 ducit
699 2682 737 2737 ad
754 2682 950 2747 Aristonicum,
972 2683 1050 2738 cuius
1072 2683 1159 2737 verba
1183 2682 1351 2737 exciderunt

179 2766 270 2836 <Nihil
292 2767 330 2822 ad
352 2767 548 2834 Aristonicum,
570 2785 635 2823 cum
656 2768 742 2824 verba
763 2768 887 2837 ὴλιπλῆ
907 2762 954 2823 ὅτι
971 2768 1063 2823 desint
1085 2767 1116 2822 in
1134 2767 1251 2836 codice.)
1276 2797 1310 2808 -
1326 2767 1355 2821 K

179 2856 226 2908 225
246 2848 330 2924 εἴπερ
351 2869 401 2909 rr:
426 2853 443 2923 ὴ
465 2855 551 2922 διπλῆ
570 2849 618 2909 ὅτι
642 2852 830 2924 Ἀρίσταρχος
854 2857 937 2924 εἴπερ
959 2870 988 2907 τι
1010 2852 1038 2923 (l.
1057 2854 1099 2921 τε)
1117 2853 1168 2907 καλ
1185 2848 1215 2907 ολ
1232 2842 1290 2907 ἀπὸ
1306 2854 1356 2920 τῆς

178 2938 295 3007 σχολῆς·
312 2938 363 2992 καὶ
376 2932 423 2991 ὅτι
440 2936 581 3006 περισσὸς
598 2933 615 2992 d
633 2938 673 2995 τέ.
697 2936 817 2993 Confusa
828 2936 905 2991 haec.
930 2935 1067 2991 Iudicium
1087 2934 1121 2990 de
1139 2935 1217 2989 varia
1233 2934 1354 2990 lectione

178 3024 220 3075 est
236 3010 358 3090 Didymi
393 3020 542 3077 Aristonici
559 3021 615 3077 fuit
631 3022 649 3092 ἡ
667 3024 754 3093 διπλῆ
771 3017 819 3078 ὅτι
835 3019 978 3091 περισσὸς
995 3017 1012 3076 d
1031 3018 1063 3076 τέ
1082 3019 1168 3089 (quod
1180 3018 1275 3075 multis
1286 3017 1355 3073 locis

177 3104 326 3176 obsonet).
357 3105 476 3176 <debete
493 3124 511 3160 a
527 3105 672 3162 Dindorfio
689 3108 726 3162 ad
743 3108 770 3161 h.
790 3108 808 3163 l
827 3107 943 3162 laudato
961 3104 1031 3159 nihil
1049 3103 1168 3160 debetur
1190 3103 1244 3159 nisi
1262 3098 1357 3167 odrae

175 3179 363 3261 Ἀρίσταρχος
373 3207 425 3261 pro
437 3181 483 3247 tu
499 3182 689 3262 Ἀρίσταρχος.
713 3191 793 3258 Quod
810 3191 897 3247 etiam
912 3191 944 3245 in
959 3189 1088 3259 aequem
1105 3188 1209 3245 scholio
1222 3187 1353 3244 restituit.

177 3274 296 3344 ὴλιιιλῇ
310 3273 341 3328 in
357 3278 477 3345 utroque
494 3278 572 3331 earet
589 3275 690 3331 codicis
707 3276 900 3345 auctoritate.)
911 3306 946 3317 -
958 3274 986 3329 K
1001 3280 1052 3329 445
1072 3276 1087 3343 ὴ
1107 3275 1195 3344 διπλῆ
1219 3269 1265 3329 ὅτι
1284 3265 1355 3346 'Apt-

177 3373 304 3429 σταρχσς
320 3357 355 3428 ἠὲ
373 3351 437 3415 κατ’
453 3352 548 3424 αἶσαν,
566 3354 626 3425 ἔξω
643 3364 698 3417 τοῦ
714 3356 763 3432 ῥά,
786 3363 837 3417 καὶ
852 3354 900 3415 ὅτι
915 3360 980 3431 (καὶ
1000 3356 1081 3414 ἐστιν
1097 3357 1172 3426 cod.)
1190 3352 1297 3424 ὅμοιον
1313 3360 1357 3429 τῷ

175 3439 210 3511 dt
226 3441 303 3509 μετὰ
318 3442 460 3514 Τρώεσσι.
488 3443 565 3500 Haec
582 3445 739 3501 observatio
762 3445 797 3499 dc
823 3444 944 3501 lectione
968 3442 1146 3498 Aristarchea
1169 3440 1281 3510 Didymi
1303 3444 1353 3504 cst,
1367 3449 1398 3499 15

176 3541 229 3581 nec
251 3526 338 3581 verba
359 3528 377 3597 ἡ
399 3529 485 3598 διπλῆ
509 3529 562 3584 hoc
584 3529 646 3584 loco
672 3530 726 3585 nisi
747 3547 840 3585 errore
862 3529 982 3585 intrusa:
1006 3546 1072 3583 nam
1094 3526 1170 3597 quod
1192 3525 1289 3596 diplen
1312 3542 1355 3579 ex·

176 3610 266 3681 plicat
293 3611 444 3668 Aristonici
471 3613 598 3668 scholion
616 3614 708 3685 ipsum
731 3618 871 3670 servatum
895 3618 937 3670 est
957 3612 1008 3667 sie:
1040 3612 1115 3681 πρὸς
1142 3610 1177 3667 τὸ
1206 3606 1279 3675 οὐκί,
1308 3603 1355 3664 ὃτι

176 3694 269 3766 ὑγιῶς
286 3693 512 3765 cattorosco
530 3691 723 3769 αἰτιστολχοο.
746 3730 779 3739 -
796 3698 964 3768 Stringimus
981 3699 1050 3752 haec
1073 3700 1105 3751 ut
1127 3712 1214 3766 genus
1231 3709 1355 3748 errorum

177 3784 371 3850 cognoscatur.
409 3779 504 3836 Unum
521 3781 623 3836 addam
641 3782 716 3851 quod
733 3783 818 3837 fallax
837 3786 886 3838 est.
931 3784 1018 3838 Piis
1043 3784 1060 3851 ὴ
1090 3782 1183 3849 διπλῆγ
1204 3779 1270 3848 <hoc
1301 3794 1354 3831 om.

177 3865 251 3937 cod>
271 3856 318 3921 tu
335 3862 417 3922 λσικι
435 3872 671 3937 παρτπιτιμῶντι
688 3868 705 3921 ὁ
724 3862 911 3938 Ἀρίσταρχος
929 3869 972 3939 τῷ
988 3865 1112 3937 Ὁμήρῳ·
1142 3861 1250 3933 οὐγὰρ
1270 3856 1357 3926 αὐτὸς

175 3947 212 4020 ἣν
233 3949 250 4006 d
263 3940 379 4020 Ἕκτωρ
397 3947 414 4006 d
432 3953 593 4016 σκυλεύσας
609 3982 650 4005 -.
667 3950 724 4007 Nec
740 3952 795 4007 hoc
811 3969 917 4007 sanum
943 3950 1113 4005 Aristonicus
1124 3947 1165 4002 sie
1176 3947 1234 4001 fere
1245 3945 1355 4016 scripsit

178 4024 195 4117 ᾗ
217 4037 304 4104 διπλῆ
323 4028 400 4103 πρὸς
420 4028 456 4091 τὸ
481 4038 587 4092 δοκοῦν
604 4029 751 4106 μάχεσθαι
773 4039 855 4107 (v..Z
876 4041 934 4091 265.
957 4038 984 4090 Δ
1006 4037 1059 4103 51).
1082 4031 1195 4103 οὐγὰρ
1217 4061 1259 4083 -.
1278 4030 1355 4096 Quae

175 4117 342 4191 interposita
362 4121 429 4173 sunt
445 4119 490 4174 vel
507 4120 709 4174 aberraverunt
725 4120 780 4175 huc
797 4137 831 4174 ex
853 4120 910 4174 aha
927 4122 995 4173 nota
1012 4134 1087 4172 nunc
1109 4115 1257 4185 deperdita
1275 4116 1310 4185 (v.
1330 4132 1354 4168 c.

174 4202 337 4274 Porphyrii)
360 4202 405 4257 vel
426 4204 463 4257 ab
484 4203 579 4273 aliquo
603 4203 707 4259 lectore
736 4203 877 4274 adscripta
906 4203 1005 4257 eodem
1029 4199 1151 4263 consilio,
1181 4217 1236 4269 qno
1261 4200 1288 4253 P
1305 4203 1354 4253 306

173 4288 211 4343 ad
232 4285 380 4343 Nicanoris
401 4290 498 4344 notam
526 4287 699 4358 adscriptum
720 4292 775 4343 est:
797 4285 1001 4358 (σημειωτέον)
1025 4275 1070 4341 ὅτι
1093 4289 1199 4357 σαφῶς
1224 4283 1355 4340 ἐνταῦθα

170 4375 316 4444 βραχεῖαν
333 4371 490 4443 διαστολὴν
505 4375 558 4444 τὴν
573 4373 759 4443 ὑποστιχμὴν
777 4378 901 4445 εἴρηκεν.
