3425 4934
391 316 449 376 164
570 307 616 361 ΠΙ.
642 307 684 363 De
702 307 854 363 Aristarchi
872 308 989 365 scientia
1005 308 1184 380 antiquitatis
1200 309 1372 366 Homericae.

387 475 459 540 vide
489 475 651 560 quomodo
679 477 847 561 acceperit:
879 469 911 563 (ἡ
936 475 1055 564 διπλῆ)
1083 471 1135 542 ὅτι
1161 498 1240 562 ορος
1260 471 1279 544 ὁ
1300 470 1475 559 ’Όλυμπος
1499 476 1555 556 (sc.

388 582 474 665 quod
496 582 613 648 dieitur
634 583 773 649 culmina
793 584 924 668 habere)
946 582 1004 654 καὶ
1025 581 1078 651 ὅτι
1098 577 1321 667 ὖπερθετικόν
1342 576 1414 648 ἀντὶ
1434 575 1557 664 ἁπλοῦ,

387 681 552 777 ἀκροτάτῃ
581 683 654 755 ἀντὶ
679 697 737 755 τοῦ
763 683 860 779 άκρρ.
904 685 942 757 οὐ
969 687 1121 779 ζητητέον
1147 681 1305 770 οὖνπῶς
1331 688 1389 757 τὸν
1412 684 1498 771 ὑπὲρ
1524 689 1556 772 (l

384 790 465 881 ὑπὸ)
484 793 527 862 τὰ
546 792 630 886 νέφη
650 792 756 865 τόπον
777 791 961 887 ἀκροτάτην
977 793 1087 886 εἴρηκε
1106 802 1164 865 τοῦ
1182 822 1240 886 την
1261 792 1556 887 (1.κορυφήν)1θῖ··

385 902 475 989 λέγει
507 901 568 989 γάρ
602 899 707 991 ἀκραν
737 901 949 993 οἱανδήποτε.
997 908 1112 974 Recte:
1146 898 1312 996 ἀκροτάτη
1345 910 1477 997 κορυφῇ
1507 911 1556 974 est

386 1014 478 1100 quusi
492 1015 661 1080 vernacule
684 1015 784 1081 dicas:
806 1015 865 1080 auf
879 1015 1032 1082 hiicheter
1047 1015 1165 1101 Spitze.
1200 1015 1286 1081 Hinc
1308 1017 1416 1082 omnia
1436 1017 1556 1082 montis

384 1117 595 1201 πολυπτύχου
618 1123 793 1188 eminentia
813 1122 954 1188 culmina
975 1124 1020 1189 sio
1042 1124 1204 1203 dicuntur,
1229 1124 1296 1189 sive
1317 1126 1556 1210 supereminent

384 1231 488 1295 nubes
516 1233 567 1312 (ut
592 1232 621 1295 Θ
642 1236 661 1297 3
690 1231 747 1295 ubi
772 1231 857 1296 idem
888 1231 1011 1298 observ.
1033 1213 1087 1297 ότι
1108 1224 1180 1295 ἀντὶ
1201 1234 1261 1296 τοῦ
1282 1224 1381 1319 άκρηι)
1402 1232 1468 1298 sive
1489 1252 1555 1296 non

384 1338 633 1422 supereminent
665 1373 703 1386 -
730 1337 887 1423 Olympus
913 1359 1006 1404 mons
1036 1342 1100 1405 est:
1131 1339 1194 1404 hoc
1220 1339 1359 1424 primum
1382 1339 1556 1404 ostendunt

385 1445 528 1530 epitheta
550 1449 583 1510 et
604 1444 692 1529 quod
720 1445 789 1510 eius
812 1444 952 1510 culmine
973 1450 1274 1513 commemorantur:
1310 1449 1407 1513 021.
1434 1448 1473 1509 A
1494 1450 1554 1514 402

384 1548 437 1621 ὅτι
461 1549 590 1637 μακρὸν
615 1549 673 1618 τὸν
691 1543 870 1633 ’Όλυμπον
896 1545 941 1629 ὡς
967 1544 1060 1637 όρος·
1089 1550 1147 1618 τὸν
1173 1550 1210 1618 δέ
1235 1546 1376 1639 οὐρανόν
1398 1544 1554 1635 essesut

382 1659 464 1726 Item
490 1662 520 1725 Θ
543 1667 601 1729 199
621 1656 750 1743 μακρὸν
762 1652 955 1742 Ὄλυμπον·
976 1655 1006 1742 (s‘
1025 1658 1141 1746 διπλῆ)
1163 1656 1217 1726 ὅτι
1236 1652 1554 1746 μακρὸνὌλυμπον

384 1761 429 1845 ὡς
443 1760 528 1850 όρος.
563 1770 593 1829 Σ
608 1773 666 1836 186
680 1762 713 1855 (ἡ
731 1766 850 1853 διπλῆ)
866 1762 918 1832 ὅτι
940 1758 986 1843 ὡς
1005 1759 1083 1849 όρος
1104 1766 1160 1833 τὸν
1172 1761 1348 1850 ’Όλυμπον
1371 1760 1555 1856 ἀγάννιφον

383 1871 479 1958 λέγει.
515 1879 551 1938 Ν
564 1883 624 1943 754
646 1868 721 1958 όρεϊ
739 1868 889 1963 νιφόεντι
909 1866 1045 1952 έοικιόςε
1064 1868 1098 1961 (ἡ
1118 1874 1237 1963 διπλῆ)
1261 1872 1313 1943 ότι
1336 1871 1493 1961 νιφόεντα
1513 1871 1555 1939 τὰ

383 1976 453 2069 ὅρη.
488 1979 546 2049 καὶ
557 1974 734 2065 Ὄλυμπος
746 1984 922 2066 τοιγαροῦν
937 1972 1027 2065 όρος·
1050 1975 1184 2071 νιφόειςΔ
1195 1980 1257 2067 γάρ
1273 1979 1404 2068 λέγεται
1418 1985 1459 2066 (Σ
1471 1985 1554 2066 616).

384 2088 462 2170 ζ44
485 2093 549 2158 hoo
577 2091 700 2156 habent
720 2090 854 2157 scholia:
890 2080 966 2155 οότε
987 2084 1068 2170 χιὼν
1094 2084 1332 2156 έπιπίλναταιε
1367 2081 1554 2171 ἀχιόνιοτον

381 2196 442 2282 μὲν
469 2192 569 2265 αὐτὸν
597 2191 666 2263 ἀπὸ
688 2202 752 2265 τοῖν
778 2191 932 2283 ἀνωτέρω
959 2200 1069 2283 μερῶν
1091 2193 1193 2283 λέγει·
1220 2191 1404 2287 ἀγάννιφον
1426 2193 1463 2262 δέ
1484 2189 1553 2262 ἀπὸ

299 2315 371 2387 (169)
382 2310 447 2373 τῶν
472 2302 646 2390 κατωτέρω
672 2303 756 2389 μετὰ
779 2304 821 2371 τά
850 2303 934 2393 νέφη
958 2301 1079 2374 τόπων.
1121 2307 1175 2375 Sic
1201 2307 1390 2393 explicuisse
1413 2305 1555 2372 Assur-

382 2418 478 2483 ehum
500 2437 567 2481 non
584 2419 693 2501 potest
715 2416 849 2482 dubium
872 2438 955 2493 esse3
976 2437 1035 2481 neo
1058 2416 1135 2500 quid
1151 2414 1366 2482 Voelokerum
1386 2413 1420 2478 in
1443 2434 1481 2478 ea
1499 2435 1554 2478 ex-

381 2524 556 2611 plicatione
578 2523 720 2590 offendat
747 2529 790 2608 (p.
813 2527 844 2607 6)
867 2523 1024 2610 intelligo.
1065 2523 1175 2589 Finxit
1199 2523 1361 2590 Homerus
1383 2520 1555 2607 Olympum

383 2632 467 2698 ultra
481 2631 584 2698 nubes
598 2630 817 2697 cacuminibus
841 2631 1049 2708 eminentem
1070 2653 1153 2715 quae
1174 2630 1259 2696 infra
1279 2630 1382 2697 nubes
1403 2634 1480 2696 sunt
1501 2650 1554 2694 cs-

381 2741 510 2807 oumina
525 2739 694 2806 hominum
709 2738 812 2804 oculis
825 2739 972 2825 exposita
986 2742 1019 2804 et
1038 2738 1111 2803 nive
1132 2742 1227 2822 tecta,
1248 2761 1330 2825 quae
1344 2737 1431 2804 ultra
1451 2739 1554 2804 nubes

380 2850 421 2916 ab
448 2848 617 2916 hominum
643 2847 746 2914 oculis
767 2850 904 2927 remota,
931 2847 978 2912 ibi
1000 2846 1133 2912 deorum
1154 2846 1327 2927 domicilia,
1353 2846 1400 2911 ibi
1424 2850 1553 2912 aeterna

380 2958 518 3025 claritas.
558 2961 586 3019 Y
605 2965 624 3024 5
645 2949 667 3043 ἡ
692 2952 799 3041 διπλῆ
820 2948 1063 3037 ότιὌλυμπος
1083 2945 1173 3037 ὄρος·
1196 2951 1250 3020 διὸ
1272 2948 1492 3034 πολέπτυχος.
1512 2990 1554 3002 -

315 3078 363 3130 tot
381 3071 420 3132 A
440 3073 481 3134 44
507 3057 703 3145 Οὐλύμποιο
729 3056 898 3150 καρήνωντ
925 3057 978 3129 ὅτι
997 3053 1077 3145 όρος
1097 3054 1319 3144 ό”ολυμπος·
1344 3059 1387 3127 τὰ
1408 3059 1471 3146 γὰρ
1491 3054 1553 3126 κά-

380 3196 462 3261 ρηνα
483 3168 542 3237 ἀπὶ
561 3164 668 3257 όρους.
711 3170 794 3238 Item
815 3174 847 3235 A
869 3179 908 3239 74
934 3161 1129 3251 Οὐλύμποιο
1151 3161 1316 3256 καρήνωνε
1338 3164 1391 3237 ὅτι
1411 3162 1456 3247 ὥς
1475 3165 1553 3251 περὶ

381 3275 479 3365 όρους
502 3282 562 3346 τοῦ
581 3274 752 3363 Ὀλύμπου
775 3274 873 3363 λέγει.
916 3274 949 3347 Ξ
969 3284 1028 3348 154
1038 3272 1128 3364 Ἥρη
1147 3270 1180 3341 δ’
1197 3269 1317 3343 εἰσεῖδε
1334 3328 1340 3344 .
1356 3327 1386 3345 ..
1406 3270 1497 3342 στᾶά
1518 3272 1556 3356 ἐξ
1673 3291 1680 3320 ‘

447 3467 505 3508 1⁰2·
524 3463 632 3534 <Codex
649 3463 736 3519 habet
763 3456 861 3533 εἴρηκε
886 3462 1019 3532 κεφαλὴν
1039 3463 1159 3530 rosisse,
1185 3460 1234 3515 sed
1258 3459 1451 3532 ‘superscripto
1472 3460 1551 3530 signo

381 3549 501 3606 delendi'
518 3566 602 3620 super
619 3553 734 3617 τοῦιην.
764 3546 829 3602 Sine
847 3545 932 3601 dubio
949 3562 1048 3601 verum
1064 3543 1138 3600 vidit
1154 3544 1304 3616 nennius.)

449 3637 485 3679 ¹⁰³
522 3633 640 3703 Aliquot
649 3632 718 3688 locis
729 3632 887 3688 Zenodotus
899 3631 1026 3687 habebat
1038 3623 1166 3701 οὐρανόν
1181 3628 1269 3686 αἰπύν
1279 3647 1331 3702 pro
1349 3627 1441 3701 εὐρύν,
1467 3632 1495 3686 Γ
1502 3635 1552 3688 uos

379 3713 506 3791 οὐρανὸν
523 3710 626 3791 eripis:
653 3706 682 3788 (ἦ
702 3715 1049 3787 διπλῆπεριεστιγμένη)
1072 3709 1120 3770 ότι
1136 3715 1305 3786 Ζηνόδοτος
1325 3708 1435 3788 γράφει
1456 3712 1552 3771 αἰπύν.

378 3799 449 3862 αἰπὺ
465 3802 504 3860 iol
527 3796 597 3873 ὄρος
620 3794 660 3858 lv
676 3800 833 3872 λέγοιτο,
857 3790 874 3855 ό
896 3799 929 3856 δὲ
953 3792 1078 3870 οὐρανός
1101 3795 1192 3870 εὐρύς.
1225 3803 1352 3869 παρήκει
1373 3791 1430 3870 γάρ
1452 3802 1489 3869 τῇ
1507 3802 1552 3870 γῇ.

377 3890 449 3945 Item
470 3890 558 3945 0192
581 3886 611 3956 (ἡ
630 3886 726 3957 διπλῆ)
750 3875 796 3941 ότι
813 3877 981 3955 Ζηνόδοτος
1003 3875 1101 3938 αἰπύν·
1128 3887 1217 3939 τοῦτο
1239 3882 1272 3940 δὲ
1295 3876 1383 3955 όρους
1403 3879 1552 3939 ἐπίθετον.

378 4005 411 4015 -
424 3967 508 4043 Ὄρος
525 3969 603 4035 αἰπύ,
617 3969 704 4035 αἰπὺς
714 3965 859 4038 Ὄλυμπος
870 3966 980 4039 saepius
991 3968 1068 4038 apud
1079 3967 1238 4024 Homerum.
1270 3965 1307 4021 lli
1322 3967 1377 4023 loci
1395 3968 1454 4022 sine
1466 3965 1551 4022 dubio

295 4060 366 4132 (169)
378 4057 470 4112 notati
483 4057 606 4122 luerunt,
623 4054 662 4109 sic
677 4057 711 4109 ut
721 4070 816 4109 omnes
825 4052 888 4120 loci,
905 4051 980 4108 unde
993 4053 1028 4107 de
1041 4070 1092 4107 usu
1104 4052 1252 4108 Homerico
1263 4069 1323 4108 voe.
1343 4050 1430 4116 αλτάς
1444 4054 1550 4107 consta·

376 4145 429 4212 ret,
440 4141 544 4206 notuli3
563 4138 641 4194 cuius
652 4138 693 4193 rei
708 4137 857 4208 vestigium
867 4141 993 4209 superest
1004 4139 1034 4192 N
1045 4143 1094 4192 317
1107 4126 1135 4207 (ἡ
1144 4139 1240 4206 διπλῆ)
1254 4126 1299 4193 ότι
1311 4129 1382 4193 αἰπύ
1392 4153 1552 4207 μεταφορι-

375 4231 436 4290 κῶς
448 4218 513 4280 ἀντὶ
524 4229 579 4280 τοῦ
592 4215 823 4294 δυσπρόσβατον,
837 4220 984 4293 δυσχερές,
1003 4221 1074 4275 Aliis
1085 4220 1152 4275 locis
1161 4220 1307 4290 permultis
1317 4222 1399 4293 (quos
1407 4223 1553 4277 enumerat

376 4309 521 4365 Voelcker.
533 4308 633 4377 Geogr.
645 4308 678 4362 H.
691 4325 719 4379 p.
731 4310 757 4376 t)
771 4298 896 4379 οὐρανός
905 4297 998 4376 εὖρός.
1016 4305 1102 4360 Recte
1114 4307 1161 4360 Ar.
1174 4297 1301 4376 οὐρανὸν
1311 4297 1397 4378 εάράν
1408 4305 1553 4376 praetulit.

376 4412 547 4465 quamquem
563 4412 621 4450 non
636 4394 793 4466 praefracte
815 4395 903 4462 negot
920 4390 976 4446 dici
992 4407 1072 4462 posse
1091 4390 1185 4460 aliquo
1208 4391 1291 4446 modo
1310 4383 1437 4462 οὐρανὸν
1454 4384 1551 4448 αἰτόν.
