3425 4934
373 320 430 385 108
456 317 492 372 ΙΙ.
517 265 561 373 ils
580 316 756 373 Aristarchea
773 318 974 374 vocabulorum
991 318 1199 374 Homericorum
1216 316 1456 387 interpretatione.

370 507 495 551 servare
523 490 690 552 accentum
719 510 823 553 suum.
853 488 1071 553 —Dicamus
1103 486 1204 574 igitur
1230 486 1269 552 de
1295 487 1539 573 significatione.

302 684 304 688 ,
369 593 459 658 Bene
479 594 684 660 Aristarchus
706 596 887 661 attenderat
907 594 948 661 ad
968 595 1031 662 hoo
1052 616 1156 681 genus
1175 593 1427 678 compositionis,
1448 596 1540 661 cuius

370 701 547 766 certissima
568 706 644 767 sunt
665 703 751 788 apud
772 702 950 768 Homerum
972 702 1126 788 exempla
1165 700 1220 769 sic
1238 694 1440 785 μετάγγελος
1459 702 1492 770 h.
1514 725 1541 768 e.

369 808 596 887 internuntius,
623 811 656 873 ap
677 817 744 879 199.
785 812 813 875 0
837 812 944 879 14455.
986 810 1032 877 Et
1054 815 1092 875 ut
1115 802 1316 892 μετάγγελος
1341 814 1392 875 est
1416 803 1435 877 ό
1456 804 1540 891 μετά

368 933 455 979 τισιν
485 908 636 1002 άγγελος,
667 919 713 984 εἰσ
745 912 968 1002 ἐπιβουκόλος
1000 922 1034 983 et
1065 910 1240 999 δπιβώτωρ
1267 909 1286 979 δ
1313 909 1490 1000 βουκόλος,
1520 908 1538 980 δ

370 1017 485 1106 βώτωρ
512 1015 558 1088 ὢν
579 1020 639 1090 ἐπί
657 1049 770 1111 τινων,
800 1028 933 1092 minime
957 1047 1033 1090 vero
1054 1025 1101 1103 id,
1128 1026 1216 1109 quod
1236 1024 1438 1090 Nitzschium
1459 1023 1540 1090 velle

332 1213 338 1225 ἱ
369 1132 463 1198 video
490 1133 542 1212 (ad
571 1133 630 1200 Od.
658 1138 785 1219 7422),
826 1134 1011 1219 pastoribus
1043 1132 1241 1217 praefectum
1273 1132 1444 1219 siguificat.
1487 1132 1541 1200 Sic

370 1240 475 1305 effecit
505 1241 722 1323 Aristarchus,
757 1245 795 1307 ut
825 1242 923 1307 etiam
954 1232 1134 1329 ὑφηνίοχος
1166 1243 1199 1306 et
1231 1230 1393 1322 ὑποδμώς
1424 1240 1469 1324 (Ζ
1494 1247 1542 1309 19.

371 1346 485 1428 δ386)
515 1353 602 1415 recte
630 1349 834 1436 intelligeret.
881 1347 967 1414 Illud
991 1351 1041 1414 est
1071 1341 1089 1410 ό
1120 1341 1188 1412 ὑπό
1213 1369 1280 1411 τινι
1301 1340 1445 1430 ἡνίοχος,
1478 1348 1542 1414 11οο

371 1450 390 1524 ό
422 1452 489 1523 ὑπό
522 1479 587 1522 τινι
624 1454 727 1542 δμώς,
775 1460 813 1522 ut
850 1461 1024 1540 utrumque
1066 1455 1147 1520 nihil
1182 1455 1307 1521 differat
1344 1478 1363 1520 a
1398 1454 1543 1541 simplici,

370 1556 531 1647 ὑποδμώς
563 1590 583 1631 a
612 1560 703 1647 δμώς
730 1587 796 1632 non
825 1565 898 1650 plus
930 1585 1027 1649 quam
1053 1554 1302 1649 ὑποδρηστῆρες
1331 1564 1362 1645 (ο
1389 1567 1459 1631 330.
1503 1562 1541 1630 ci.

370 1664 572 1757 innupsisset
593 1677 667 1757 333)
693 1696 712 1737 a
734 1671 910 1760 δρηστῆρες
930 1673 971 1754 (π
991 1675 1060 1741 248.
1089 1692 1110 1735 σ
1131 1676 1180 1739 76.
1210 1663 1399 1757 δρήστειραι
1418 1693 1438 1733 τ
1458 1674 1541 1753 345).

370 1781 573 1847 Aristonicus
595 1785 627 1842 Z
647 1787 684 1848 19
706 1773 900 1869 ὑφηνίοχοςε
921 1772 954 1866 (ἡ
978 1777 1092 1866 διπλῆ)
1115 1773 1168 1843 ὅτι
1189 1772 1351 1860 παρέλκει
1372 1771 1391 1866 ἡ
1413 1772 1543 1863 πρόθε-

371 1910 424 1966 σις
444 1881 490 1966 ώς
509 1884 545 1953 ἐν
564 1891 612 1974 τῷ
632 1880 897 1967 ,,Ποσειδάωνος
917 1879 1115 1968 ὑποδμώςῑί.
1157 1884 1202 1951 Et
1223 1885 1310 1970 quis,
1336 1907 1474 1970 quaeso,
1500 1885 1544 1950 sit

371 1999 424 2064 ille
445 1996 560 2060 λ’ππων
573 1990 761 2082 ὑφηνίοχος,
785 2018 882 2080 quam
897 2016 994 2079 quem
1016 1996 1152 2079 quisque
1166 1994 1348 2079 principum
1362 1994 1396 2058 in
1417 1992 1542 2079 proelio

372 2128 481 2172 secum
494 2105 637 2171 habebat
657 2105 697 2170 ad
719 2104 862 2190 agendos
883 2102 1107 2187 curandosque
1129 2122 1240 2185 equos,
1262 2100 1318 2185 qui
1338 2101 1450 2167 multis
1471 2100 1543 2166 aliis

372 2214 452 2280 locis
474 2206 651 2296 θεράπων,
675 2204 822 2301 ἡνίοχος,
850 2204 982 2297 ἡνίοχος
1002 2205 1164 2292 θεράπων
1185 2209 1321 2275 dicitur?
1351 2208 1398 2275 (tf.
1424 2209 1454 2273 Θ
1476 2216 1544 2277 104.

375 2328 443 2390 109.
468 2326 535 2389 113.
560 2327 625 2389 119.
667 2323 706 2383 Λ
733 2325 802 2387 341.
828 2324 899 2387 488.
925 2323 994 2386 620.
1034 2319 1079 2380 M
1101 2324 1141 2386 76
1167 2317 1205 2382 cf.
1233 2322 1282 2385 84.
1312 2324 1380 2385 111.
1414 2319 1451 2379 Ν
1473 2321 1543 2385 386.

376 2433 494 2497 0445.
532 2427 577 2493 Et
600 2427 774 2494 vatidicum
801 2427 891 2493 illum
918 2429 952 2491 et
971 2424 1201 2504 immortalem,
1234 2425 1273 2490 de
1295 2447 1360 2509 quo
1379 2425 1445 2490 filia
1467 2423 1545 2489 dicit

373 2536 411 2623 <s
432 2535 509 2621 aar>

454 2654 618 2726 nutritori
637 2682 689 2738 τις
710 2658 807 2744 δεῦρο
829 2654 935 2744 γέρων
957 2653 1054 2735 δόλιος
1075 2654 1236 2744 νημερτὴς

456 2763 627 2847 ἀθάνατος
647 2765 805 2853 Πρωτεὺς
825 2759 1027 2851 Αἰγύπτιος,
1049 2760 1086 2843 ὅς
1106 2788 1142 2830 τε
1163 2760 1339 2852 θαλάσσης

457 2872 566 2963 πάσης
586 2872 713 2959 βένθεα
735 2866 816 2953 οἶδε,
840 2867 1079 2952 Ποσειδάωνος
1099 2868 1268 2956 ὑποδμώς,

374 3027 452 3070 num
477 3003 662 3089 putabimus
686 3001 825 3086 aliquem
846 3000 1007 3066 inferioris
1030 2999 1150 3065 ordinis
1171 2998 1327 3063 famulum
1348 2996 1546 3081 significari?

374 3110 444 3178 Nec
471 3134 522 3177 res
550 3110 673 3197 patitur
697 3132 757 3175 neo
778 3131 882 3174 sermo
904 3108 1071 3173 desiderat.
1108 3104 1128 3168 λ
1149 3111 1209 3175 489
1231 3127 1289 3190 pro
1311 3097 1494 3189 βουλοίμην
1515 3096 1544 3167 κ’

375 3213 562 3302 ἐπάρουρος
582 3214 645 3282 ἐών
666 3214 848 3304 θητευέμεν
869 3208 962 3300 άλλη)
985 3215 1115 3300 quidam
1139 3213 1290 3299 legerunt
1315 3234 1353 3276 κε
1378 3208 1547 3294 πάρουρος

377 3330 416 3410 (v.
433 3326 615 3394 Hemsterh.
633 3328 673 3392 ad
686 3326 761 3392 buc.
778 3325 849 3390 dial.
865 3327 959 3389 mort.
975 3322 1035 3387 XV
1053 3328 1092 3399 1),
1116 3322 1203 3405 quod
1223 3342 1289 3385 non
1311 3320 1438 3385 videtur
1458 3342 1546 3385 com·

294 3434 559 3526 (115)mcudabile
582 3457 665 3512 esse,
693 3434 749 3499 sed
770 3455 831 3498 vox
853 3432 894 3497 ad
914 3430 1060 3518 regulam
1082 3430 1175 3496 facta.
1212 3428 1277 3493 Vin
1300 3427 1432 3494 eandem
1453 3450 1547 3512 prae-

375 3544 592 3631 positionem?
627 3534 763 3629 άκοίτης
788 3534 1009 3626 παρακοίτης,
1039 3530 1168 3613 άκοιτις
1193 3529 1404 3619 παράκοιτις.
1451 3534 1547 3602 Gom·

375 3651 622 3719 memoravimus
643 3650 735 3717 haec:
762 3642 920 3732 ἐπίουρος
947 3648 977 3732 (ν
999 3653 1066 3715 405.
1095 3669 1113 3709 o
1136 3649 1188 3728 39)
1197 3646 1241 3727 ⁵⁶,
1261 3638 1447 3726 πάρουρος,
1479 3666 1547 3706 πα-

314 3781 360 3832 109
378 3754 534 3846 ρακοίτης
554 3761 637 3843 (ις),
666 3749 891 3841 ἐπιβουκόλος
912 3757 944 3837 (γ
965 3759 1033 3821 422.
1057 3777 1074 3816 υ
1096 3758 1166 3821 235.
1196 3775 1222 3841 φ
1247 3757 1314 3819 199.
1343 3772 1362 3828 χ
1383 3756 1453 3819 268.
1475 3756 1547 3819 285.

376 3872 458 3955 292),
478 3861 651 3951 ἐπιβώτωρ
674 3868 703 3951 (ν
724 3873 785 3934 222
807 3858 902 3948 άνδρί
925 3858 1028 3945 δέμας
1049 3853 1156 3926 εἰκυῖα
1178 3855 1254 3944 νέῳ,
1277 3850 1460 3940 ἐπιβώτορι
1480 3850 1548 3944 μή·

445 4136 471 4178 65
487 4134 521 4189 H.
539 4135 557 4189 l.
575 4133 614 4189 sic
630 4132 712 4189 scribi
734 4131 836 4187 debere
857 4147 915 4185 non
931 4120 995 4197 μετ’
1012 4122 1075 4198 άγγ.
1098 4128 1279 4198 (quamquam
1302 4125 1341 4180 sic
1362 4139 1441 4195 posse
1463 4126 1548 4196 putat

379 4219 468 4287 Euat)
486 4236 520 4275 ex
537 4220 591 4275 hoo
608 4219 669 4290 ipso
687 4219 800 4286 clarum,
819 4233 853 4271 ex
871 4215 959 4271 altero
978 4211 1168 4271 camanum

445 4307 470 4347 ⁶⁶
491 4298 651 4376 βουκολίων
673 4298 807 4374 ἐπίουροι
829 4300 895 4370 Cyn.
917 4301 931 4354 I
954 4302 1010 4353 174.
1034 4297 1199 4366 βονκολίων
1220 4286 1305 4367 οὖροι
1328 4300 1386 4354 375.
1407 4325 1442 4336 -
1462 4287 1548 4357 κόνες

379 4379 536 4459 προβάτων
551 4380 729 4458 aestuasse
745 4386 831 4442 dubia
848 4385 932 4441 lectio
950 4383 1026 4454 apud
1044 4381 1171 4449 Longum
1187 4380 1201 4435 I
1219 4386 1260 4438 21.
