<?xml version="1.0" encoding="UTF-8"?>
<!DOCTYPE html PUBLIC "-//W3C//DTD XHTML 1.0 Transitional//EN"
    "http://www.w3.org/TR/xhtml1/DTD/xhtml1-transitional.dtd">
<html xmlns="http://www.w3.org/1999/xhtml" xml:lang="en" lang="en">
 <head>
  <title>
</title>
<meta http-equiv="Content-Type" content="text/html;charset=utf-8" />
  <meta name='ocr-system' content='tesseract 3.04.00' />
  <meta name='ocr-capabilities' content='ocr_page ocr_carea ocr_par ocr_line ocrx_word'/>
</head>
<body>
  <div class='ocr_page' id='page_1' title='image "./dearistarchistu00ludwgoog/dearistarchistu00ludwgoog_0303.png"; bbox 0 0 3425 4934; ppageno 0'>
   <div class='ocr_carea' id='block_1_1' title="bbox 644 327 1361 400">
    <p class='ocr_par' dir='ltr' id='par_1_1' title="bbox 644 327 1361 400">
     <span class='ocr_line' id='line_1_1' title="bbox 644 327 1361 400; baseline 0.001 -17"><span class='ocrx_word' id='word_1_1' title='bbox 644 333 666 385; x_wconf 90' lang='lat'>1.</span> <span class='ocrx_word' id='word_1_2' title='bbox 689 327 731 385; x_wconf 87' lang='lat' dir='ltr'>De</span> <span class='ocrx_word' id='word_1_3' title='bbox 747 327 916 384; x_wconf 81' lang='lat' dir='ltr'>nocentibus.</span> <span class='ocrx_word' id='word_1_4' title='bbox 1303 338 1361 400; x_wconf 78' lang='lat'>281</span> 
     </span>
    </p>
   </div>
   <div class='ocr_carea' id='block_1_2' title="bbox 198 494 1449 3503">
    <p class='ocr_par' dir='ltr' id='par_1_2' title="bbox 198 494 1430 801">
     <span class='ocr_line' id='line_1_2' title="bbox 280 494 1365 582; baseline 0 -18"><span class='ocrx_word' id='word_1_5' title='bbox 280 499 300 578; x_wconf 64' lang='grc' dir='ltr'><strong>ξ</strong></span> <span class='ocrx_word' id='word_1_6' title='bbox 323 501 371 564; x_wconf 89' lang='grc'>13.</span> <span class='ocrx_word' id='word_1_7' title='bbox 407 494 562 582; x_wconf 79' lang='lat' dir='ltr'>Superest</span> <span class='ocrx_word' id='word_1_8' title='bbox 586 500 624 564; x_wconf 89' lang='lat' dir='ltr'>ut</span> <span class='ocrx_word' id='word_1_9' title='bbox 652 497 691 564; x_wconf 90' lang='lat' dir='ltr'>de</span> <span class='ocrx_word' id='word_1_10' title='bbox 713 496 900 563; x_wconf 80' lang='lat' dir='ltr'>traiectione</span> <span class='ocrx_word' id='word_1_11' title='bbox 926 501 1077 563; x_wconf 80' lang='lat' dir='ltr'>accentus</span> <span class='ocrx_word' id='word_1_12' title='bbox 1101 498 1136 562; x_wconf 89' lang='lat' dir='ltr'>iu</span> <span class='ocrx_word' id='word_1_13' title='bbox 1158 497 1365 564; x_wconf 70' lang='lat' dir='ltr'><strong>substantivis</strong></span> 
     </span>
     <span class='ocr_line' id='line_1_3' title="bbox 198 603 1430 692; baseline 0.004 -23"><span class='ocrx_word' id='word_1_14' title='bbox 198 603 351 670; x_wconf 84' lang='lat' dir='ltr'>dicamus:</span> <span class='ocrx_word' id='word_1_15' title='bbox 377 625 474 688; x_wconf 89' lang='lat' dir='ltr'>quem</span> <span class='ocrx_word' id='word_1_16' title='bbox 493 605 601 671; x_wconf 88' lang='lat' dir='ltr'>locum</span> <span class='ocrx_word' id='word_1_17' title='bbox 622 604 835 673; x_wconf 74' lang='lat' dir='ltr'><strong>devitaremus</strong></span> <span class='ocrx_word' id='word_1_18' title='bbox 855 605 995 673; x_wconf 74' lang='lat' dir='ltr'>libenter</span> <span class='ocrx_word' id='word_1_19' title='bbox 1015 609 1053 673; x_wconf 92' lang='lat' dir='ltr'>ut</span> <span class='ocrx_word' id='word_1_20' title='bbox 1072 605 1364 692; x_wconf 67' lang='lat' dir='ltr'>impeditissimum</span> <span class='ocrx_word' id='word_1_21' title='bbox 1381 614 1430 666; x_wconf 74' lang='lat'>285</span> 
     </span>
     <span class='ocr_line' id='line_1_4' title="bbox 198 711 885 801; baseline 0 -23"><span class='ocrx_word' id='word_1_22' title='bbox 198 711 255 778; x_wconf 89' lang='lat' dir='ltr'>sed</span> <span class='ocrx_word' id='word_1_23' title='bbox 276 733 342 778; x_wconf 95' lang='lat' dir='ltr'>non</span> <span class='ocrx_word' id='word_1_24' title='bbox 364 711 441 777; x_wconf 89' lang='lat' dir='ltr'>sinit</span> <span class='ocrx_word' id='word_1_25' title='bbox 460 712 639 780; x_wconf 69' lang='lat' dir='ltr'>Alistarohi</span> <span class='ocrx_word' id='word_1_26' title='bbox 658 714 885 801; x_wconf 72' lang='lat' dir='ltr'><strong>fragmentum.</strong></span> 
     </span>
    </p>

    <p class='ocr_par' dir='ltr' id='par_1_3' title="bbox 198 812 1449 1555">
     <span class='ocr_line' id='line_1_5' title="bbox 279 812 1449 907; baseline 0.002 -21"><span class='ocrx_word' id='word_1_27' title='bbox 279 818 318 886; x_wconf 74' lang='lat' dir='ltr'>u.</span> <span class='ocrx_word' id='word_1_28' title='bbox 338 818 383 893; x_wconf 84' lang='lat' dir='ltr'>M·</span> <span class='ocrx_word' id='word_1_29' title='bbox 407 824 481 902; x_wconf 88' lang='grc'><strong>539,</strong></span> <span class='ocrx_word' id='word_1_30' title='bbox 507 827 547 889; x_wconf 78' lang='lat'>20</span> <span class='ocrx_word' id='word_1_31' title='bbox 567 824 672 906; x_wconf 83' lang='grc' dir='ltr'><em>Κοῖος</em></span> <span class='ocrx_word' id='word_1_32' title='bbox 696 812 799 903; x_wconf 72' lang='grc' dir='ltr'><em>ὄνομα</em></span> <span class='ocrx_word' id='word_1_33' title='bbox 828 827 969 900; x_wconf 79' lang='grc' dir='ltr'><em>Τιτᾶνος</em></span> <span class='ocrx_word' id='word_1_34' title='bbox 996 818 1090 905; x_wconf 83' lang='grc' dir='ltr'><em>παρὰ</em></span> <span class='ocrx_word' id='word_1_35' title='bbox 1109 818 1148 886; x_wconf 86' lang='grc' dir='ltr'>τὸ</span> <span class='ocrx_word' id='word_1_36' title='bbox 1172 823 1364 907; x_wconf 70' lang='grc' dir='ltr'><em>κεκρίσθαι·</em></span> <span class='ocrx_word' id='word_1_37' title='bbox 1377 818 1449 888; x_wconf 76' lang='lat'>(296)</span> 
     </span>
     <span class='ocr_line' id='line_1_6' title="bbox 198 920 1367 1018; baseline 0.004 -27"><span class='ocrx_word' id='word_1_38' title='bbox 198 928 470 1011; x_wconf 66' lang='lat' dir='ltr'>manutenendam</span> <span class='ocrx_word' id='word_1_39' title='bbox 494 924 581 1012; x_wconf 84' lang='grc' dir='ltr'><em>πρὸς</em></span> <span class='ocrx_word' id='word_1_40' title='bbox 602 920 858 1016; x_wconf 79' lang='grc' dir='ltr'><em>ἆοτιδιοοῐολὴο</em></span> <span class='ocrx_word' id='word_1_41' title='bbox 882 931 941 996; x_wconf 84' lang='grc' dir='ltr'><em>τοῦ</em></span> <span class='ocrx_word' id='word_1_42' title='bbox 965 921 1060 1013; x_wconf 84' lang='grc' dir='ltr'><em>κριός</em></span> <span class='ocrx_word' id='word_1_43' title='bbox 1083 931 1143 996; x_wconf 81' lang='grc' dir='ltr'><em>τοῦ</em></span> <span class='ocrx_word' id='word_1_44' title='bbox 1163 950 1367 1018; x_wconf 82' lang='grc' dir='ltr'><em>ποοσηγοοι·</em></span> 
     </span>
     <span class='ocr_line' id='line_1_7' title="bbox 199 1029 1368 1122; baseline 0.004 -22"><span class='ocrx_word' id='word_1_45' title='bbox 199 1036 270 1103; x_wconf 77' lang='grc' dir='ltr'><em>κοῦ.</em></span> <span class='ocrx_word' id='word_1_46' title='bbox 310 1029 330 1101; x_wconf 83' lang='grc' dir='ltr'><strong>ὁ</strong></span> <span class='ocrx_word' id='word_1_47' title='bbox 357 1031 396 1101; x_wconf 79' lang='lat' dir='ltr'>dd</span> <span class='ocrx_word' id='word_1_48' title='bbox 411 1029 625 1122; x_wconf 75' lang='grc' dir='ltr'><em>Ἀρίσταρχος</em></span> <span class='ocrx_word' id='word_1_49' title='bbox 649 1034 706 1102; x_wconf 85' lang='grc' dir='ltr'>καί</span> <span class='ocrx_word' id='word_1_50' title='bbox 729 1034 768 1102; x_wconf 88' lang='grc' dir='ltr'>τὸ</span> <span class='ocrx_word' id='word_1_51' title='bbox 790 1031 905 1120; x_wconf 79' lang='grc' dir='ltr'><em>κύριον</em></span> <span class='ocrx_word' id='word_1_52' title='bbox 926 1029 1049 1117; x_wconf 57' lang='lat' dir='ltr'>tmesi·</span> <span class='ocrx_word' id='word_1_53' title='bbox 1073 1034 1114 1103; x_wconf 86' lang='grc' dir='ltr'>τὰ</span> <span class='ocrx_word' id='word_1_54' title='bbox 1144 1035 1203 1104; x_wconf 78' lang='grc' dir='ltr'>διὰ</span> <span class='ocrx_word' id='word_1_55' title='bbox 1227 1042 1288 1105; x_wconf 79' lang='grc' dir='ltr'><em>τοῦ</em></span> <span class='ocrx_word' id='word_1_56' title='bbox 1315 1062 1368 1118; x_wconf 89' lang='grc' dir='ltr'><em>τος</em></span> 
     </span>
     <span class='ocr_line' id='line_1_8' title="bbox 200 1134 1365 1234; baseline 0.005 -25"><span class='ocrx_word' id='word_1_57' title='bbox 200 1134 387 1227; x_wconf 72' lang='grc' dir='ltr'><strong><em>δισύλλαβα</em></strong></span> <span class='ocrx_word' id='word_1_58' title='bbox 401 1136 558 1228; x_wconf 75' lang='grc' dir='ltr'>ἀρσενικὰ</span> <span class='ocrx_word' id='word_1_59' title='bbox 572 1141 633 1231; x_wconf 74' lang='grc' dir='ltr'>τὴν</span> <span class='ocrx_word' id='word_1_60' title='bbox 647 1167 679 1211; x_wconf 83' lang='grc' dir='ltr'>ετ</span> <span class='ocrx_word' id='word_1_61' title='bbox 693 1139 884 1234; x_wconf 71' lang='grc' dir='ltr'><em>δίφθογγον</em></span> <span class='ocrx_word' id='word_1_62' title='bbox 898 1138 1157 1234; x_wconf 75' lang='grc' dir='ltr'><em>ἀποστρέφεται,</em></span> <span class='ocrx_word' id='word_1_63' title='bbox 1176 1141 1261 1230; x_wconf 77' lang='grc' dir='ltr'><em>βίος,</em></span> <span class='ocrx_word' id='word_1_64' title='bbox 1282 1147 1365 1227; x_wconf 82' lang='grc' dir='ltr'><em>δῖος,</em></span> 
     </span>
     <span class='ocr_line' id='line_1_9' title="bbox 199 1245 1368 1340; baseline 0.003 -22"><span class='ocrx_word' id='word_1_65' title='bbox 199 1254 287 1331; x_wconf 80' lang='grc' dir='ltr'><em>Χίος</em></span> <span class='ocrx_word' id='word_1_66' title='bbox 306 1246 326 1319; x_wconf 87' lang='lat' dir='ltr'>d</span> <span class='ocrx_word' id='word_1_67' title='bbox 346 1246 487 1340; x_wconf 80' lang='grc' dir='ltr'><em>πολίτης</em></span> <span class='ocrx_word' id='word_1_68' title='bbox 505 1253 565 1338; x_wconf 77' lang='grc' dir='ltr'>τῆς</span> <span class='ocrx_word' id='word_1_69' title='bbox 585 1248 687 1319; x_wconf 88' lang='grc' dir='ltr'><em>Χίου·</em></span> <span class='ocrx_word' id='word_1_70' title='bbox 714 1254 815 1338; x_wconf 83' lang='grc' dir='ltr'><em>Θρίος</em></span> <span class='ocrx_word' id='word_1_71' title='bbox 835 1245 945 1337; x_wconf 73' lang='grc' dir='ltr'><em>ὄνομα</em></span> <span class='ocrx_word' id='word_1_72' title='bbox 965 1256 1133 1337; x_wconf 82' lang='grc' dir='ltr'><em>ποταμοῦ·</em></span> <span class='ocrx_word' id='word_1_73' title='bbox 1155 1258 1241 1333; x_wconf 69' lang='lat' dir='ltr'>Ilios</span> <span class='ocrx_word' id='word_1_74' title='bbox 1261 1248 1368 1339; x_wconf 73' lang='lat' dir='ltr'>droun</span> 
     </span>
     <span class='ocr_line' id='line_1_10' title="bbox 200 1352 1368 1447; baseline 0.003 -21"><span class='ocrx_word' id='word_1_75' title='bbox 200 1354 326 1446; x_wconf 66' lang='grc' dir='ltr'><em>κύριον</em></span> <span class='ocrx_word' id='word_1_76' title='bbox 357 1362 444 1439; x_wconf 71' lang='lat' dir='ltr'>Hinc</span> <span class='ocrx_word' id='word_1_77' title='bbox 471 1352 578 1445; x_wconf 71' lang='grc' dir='ltr'><em>ὄνομα</em></span> <span class='ocrx_word' id='word_1_78' title='bbox 603 1352 728 1446; x_wconf 78' lang='grc' dir='ltr'><em>κίοιοο·</em></span> <span class='ocrx_word' id='word_1_79' title='bbox 763 1363 846 1440; x_wconf 73' lang='lat' dir='ltr'>Tenc</span> <span class='ocrx_word' id='word_1_80' title='bbox 872 1355 980 1447; x_wconf 70' lang='grc' dir='ltr'><em>ὄνομα</em></span> <span class='ocrx_word' id='word_1_81' title='bbox 1007 1355 1131 1447; x_wconf 77' lang='grc' dir='ltr'><em>κύριον.</em></span> <span class='ocrx_word' id='word_1_82' title='bbox 1179 1359 1284 1443; x_wconf 72' lang='grc' dir='ltr'><em>οὕτως</em></span> <span class='ocrx_word' id='word_1_83' title='bbox 1310 1355 1368 1430; x_wconf 75' lang='grc' dir='ltr'><em>οὖν</em></span> 
     </span>
     <span class='ocr_line' id='line_1_11' title="bbox 200 1469 472 1555; baseline 0.004 -17"><span class='ocrx_word' id='word_1_84' title='bbox 200 1469 258 1538; x_wconf 81' lang='grc' dir='ltr'>καί</span> <span class='ocrx_word' id='word_1_85' title='bbox 278 1472 390 1555; x_wconf 78' lang='grc' dir='ltr'><em>Κοῖος.</em></span> <span class='ocrx_word' id='word_1_86' title='bbox 413 1475 472 1541; x_wconf 82' lang='lat' dir='ltr'>cet</span> 
     </span>
    </p>

    <p class='ocr_par' dir='ltr' id='par_1_4' title="bbox 200 1577 1375 3503">
     <span class='ocr_line' id='line_1_12' title="bbox 281 1577 1371 1668; baseline -0.001 -20"><span class='ocrx_word' id='word_1_87' title='bbox 281 1581 368 1648; x_wconf 84' lang='lat' dir='ltr'>Hine</span> <span class='ocrx_word' id='word_1_88' title='bbox 388 1580 527 1666; x_wconf 87' lang='lat' dir='ltr'>primum</span> <span class='ocrx_word' id='word_1_89' title='bbox 547 1579 761 1666; x_wconf 74' lang='lat' dir='ltr'>intelligimus</span> <span class='ocrx_word' id='word_1_90' title='bbox 781 1579 970 1648; x_wconf 69' lang='lat' dir='ltr'>Amsmroho</span> <span class='ocrx_word' id='word_1_91' title='bbox 993 1602 1112 1647; x_wconf 89' lang='lat' dir='ltr'>nomen</span> <span class='ocrx_word' id='word_1_92' title='bbox 1131 1577 1256 1647; x_wconf 84' lang='lat' dir='ltr'>Titanis</span> <span class='ocrx_word' id='word_1_93' title='bbox 1277 1604 1335 1668; x_wconf 87' lang='lat' dir='ltr'>per</span> <span class='ocrx_word' id='word_1_94' title='bbox 1356 1605 1371 1647; x_wconf 93' lang='grc' dir='ltr'>ι</span> 
     </span>
     <span class='ocr_line' id='line_1_13' title="bbox 202 1688 1370 1776; baseline 0 -19"><span class='ocrx_word' id='word_1_95' title='bbox 202 1690 357 1776; x_wconf 84' lang='lat' dir='ltr'>seriptum</span> <span class='ocrx_word' id='word_1_96' title='bbox 384 1710 453 1754; x_wconf 92' lang='lat' dir='ltr'>esse</span> <span class='ocrx_word' id='word_1_97' title='bbox 475 1710 541 1754; x_wconf 91' lang='lat' dir='ltr'>non</span> <span class='ocrx_word' id='word_1_98' title='bbox 562 1710 621 1774; x_wconf 85' lang='lat' dir='ltr'>per</span> <span class='ocrx_word' id='word_1_99' title='bbox 644 1709 690 1765; x_wconf 83' lang='grc' dir='ltr'>ει,</span> <span class='ocrx_word' id='word_1_100' title='bbox 722 1709 805 1773; x_wconf 89' lang='lat' dir='ltr'>quae</span> <span class='ocrx_word' id='word_1_101' title='bbox 826 1689 984 1773; x_wconf 74' lang='lat' dir='ltr'>scriptura</span> <span class='ocrx_word' id='word_1_102' title='bbox 1004 1688 1140 1755; x_wconf 88' lang='lat' dir='ltr'>debetur</span> <span class='ocrx_word' id='word_1_103' title='bbox 1160 1689 1194 1755; x_wconf 92' lang='lat' dir='ltr'>ni</span> <span class='ocrx_word' id='word_1_104' title='bbox 1215 1689 1309 1756; x_wconf 85' lang='lat' dir='ltr'>fallor</span> <span class='ocrx_word' id='word_1_105' title='bbox 1329 1691 1370 1757; x_wconf 87' lang='lat' dir='ltr'>iis</span> 
     </span>
     <span class='ocr_line' id='line_1_14' title="bbox 201 1790 1368 1885; baseline 0.001 -22"><span class='ocrx_word' id='word_1_106' title='bbox 201 1797 257 1885; x_wconf 91' lang='lat' dir='ltr'>qui</span> <span class='ocrx_word' id='word_1_107' title='bbox 282 1794 432 1862; x_wconf 78' lang='lat' dir='ltr'>Titanum</span> <span class='ocrx_word' id='word_1_108' title='bbox 461 1795 589 1882; x_wconf 80' lang='lat' dir='ltr'>regium</span> <span class='ocrx_word' id='word_1_109' title='bbox 616 1816 735 1862; x_wconf 89' lang='lat' dir='ltr'>nomen</span> <span class='ocrx_word' id='word_1_110' title='bbox 762 1790 905 1880; x_wconf 79' lang='grc' dir='ltr'><em>(κοοίωτ)</em></span> <span class='ocrx_word' id='word_1_111' title='bbox 930 1798 1041 1883; x_wconf 87' lang='lat' dir='ltr'>potius</span> <span class='ocrx_word' id='word_1_112' title='bbox 1070 1796 1182 1863; x_wconf 82' lang='lat' dir='ltr'>decere</span> <span class='ocrx_word' id='word_1_113' title='bbox 1209 1801 1368 1883; x_wconf 86' lang='lat' dir='ltr'>putarent</span> 
     </span>
     <span class='ocr_line' id='line_1_15' title="bbox 200 1901 1368 1989; baseline -0.002 -16"><span class='ocrx_word' id='word_1_114' title='bbox 200 1909 246 1973; x_wconf 88' lang='lat' dir='ltr'>At</span> <span class='ocrx_word' id='word_1_115' title='bbox 266 1927 353 1971; x_wconf 85' lang='lat' dir='ltr'>nnuc</span> <span class='ocrx_word' id='word_1_116' title='bbox 373 1904 401 1970; x_wconf 87' lang='lat' dir='ltr'>is</span> <span class='ocrx_word' id='word_1_117' title='bbox 423 1908 473 1971; x_wconf 85' lang='lat' dir='ltr'>est</span> <span class='ocrx_word' id='word_1_118' title='bbox 494 1906 615 1987; x_wconf 85' lang='grc' dir='ltr'><em>Κοοῖος</em></span> <span class='ocrx_word' id='word_1_119' title='bbox 634 1903 712 1973; x_wconf 89' lang='lat' dir='ltr'>Hes.</span> <span class='ocrx_word' id='word_1_120' title='bbox 728 1901 851 1989; x_wconf 84' lang='lat' dir='ltr'>Theog.</span> <span class='ocrx_word' id='word_1_121' title='bbox 875 1908 941 1974; x_wconf 88' lang='grc'><strong>134.</strong></span> <span class='ocrx_word' id='word_1_122' title='bbox 964 1909 1034 1973; x_wconf 85' lang='grc'><strong>375.</strong></span> <span class='ocrx_word' id='word_1_123' title='bbox 1054 1904 1153 1972; x_wconf 83' lang='lat' dir='ltr'>schol.</span> <span class='ocrx_word' id='word_1_124' title='bbox 1174 1905 1205 1973; x_wconf 91' lang='lat' dir='ltr'>h.</span> <span class='ocrx_word' id='word_1_125' title='bbox 1225 1904 1245 1970; x_wconf 94' lang='lat' dir='ltr'>l.</span> <span class='ocrx_word' id='word_1_126' title='bbox 1283 1904 1368 1971; x_wconf 86' lang='lat' dir='ltr'>Plut</span> 
     </span>
     <span class='ocr_line' id='line_1_16' title="bbox 200 2010 1369 2102; baseline -0.001 -22"><span class='ocrx_word' id='word_1_127' title='bbox 200 2015 280 2102; x_wconf 82' lang='lat' dir='ltr'>plac.</span> <span class='ocrx_word' id='word_1_128' title='bbox 301 2012 380 2099; x_wconf 90' lang='lat' dir='ltr'>phil.</span> <span class='ocrx_word' id='word_1_129' title='bbox 401 2010 434 2098; x_wconf 82' lang='lat' dir='ltr'>&lt;l</span> <span class='ocrx_word' id='word_1_130' title='bbox 454 2012 490 2097; x_wconf 81' lang='lat'>6&gt;</span> <span class='ocrx_word' id='word_1_131' title='bbox 512 2010 549 2079; x_wconf 83' lang='grc' dir='ltr'>Τ.</span> <span class='ocrx_word' id='word_1_132' title='bbox 569 2010 617 2078; x_wconf 89' lang='lat' dir='ltr'>IV</span> <span class='ocrx_word' id='word_1_133' title='bbox 636 2035 666 2098; x_wconf 93' lang='lat' dir='ltr'>p.</span> <span class='ocrx_word' id='word_1_134' title='bbox 688 2017 778 2082; x_wconf 77' lang='lat'><strong>8800.</strong></span> <span class='ocrx_word' id='word_1_135' title='bbox 813 2012 868 2079; x_wconf 84' lang='lat' dir='ltr'>Et</span> <span class='ocrx_word' id='word_1_136' title='bbox 889 2011 934 2081; x_wconf 92' lang='lat' dir='ltr'>M.</span> <span class='ocrx_word' id='word_1_137' title='bbox 950 2017 1019 2092; x_wconf 79' lang='lat'><strong>523,</strong></span> <span class='ocrx_word' id='word_1_138' title='bbox 1040 2018 1089 2082; x_wconf 81' lang='grc'>18.</span> <span class='ocrx_word' id='word_1_139' title='bbox 1126 2012 1232 2081; x_wconf 85' lang='lat' dir='ltr'>Schol.</span> <span class='ocrx_word' id='word_1_140' title='bbox 1251 2010 1369 2081; x_wconf 65' lang='lat'>5274.</span> 
     </span>
     <span class='ocr_line' id='line_1_17' title="bbox 201 2119 1371 2208; baseline -0.001 -19"><span class='ocrx_word' id='word_1_141' title='bbox 201 2124 405 2207; x_wconf 79' lang='lat' dir='ltr'>Quamquam</span> <span class='ocrx_word' id='word_1_142' title='bbox 435 2119 513 2206; x_wconf 91' lang='lat' dir='ltr'>quid</span> <span class='ocrx_word' id='word_1_143' title='bbox 540 2120 679 2187; x_wconf 75' lang='lat' dir='ltr'>mirum?</span> <span class='ocrx_word' id='word_1_144' title='bbox 711 2120 863 2208; x_wconf 72' lang='lat' dir='ltr'>liegimus</span> <span class='ocrx_word' id='word_1_145' title='bbox 893 2120 991 2187; x_wconf 91' lang='lat' dir='ltr'>etiam</span> <span class='ocrx_word' id='word_1_146' title='bbox 1015 2121 1137 2204; x_wconf 83' lang='grc' dir='ltr'><em>Κοεῖος</em></span> <span class='ocrx_word' id='word_1_147' title='bbox 1167 2144 1253 2188; x_wconf 88' lang='lat' dir='ltr'>nune</span> <span class='ocrx_word' id='word_1_148' title='bbox 1285 2122 1371 2208; x_wconf 91' lang='lat' dir='ltr'>apud</span> 
     </span>
     <span class='ocr_line' id='line_1_18' title="bbox 200 2227 1371 2315; baseline -0.002 -18"><span class='ocrx_word' id='word_1_149' title='bbox 200 2231 332 2297; x_wconf 86' lang='lat' dir='ltr'>Diodor.</span> <span class='ocrx_word' id='word_1_150' title='bbox 353 2228 456 2306; x_wconf 69' lang='lat' dir='ltr'>vom</span> <span class='ocrx_word' id='word_1_151' title='bbox 475 2250 630 2315; x_wconf 86' lang='lat' dir='ltr'>prospere</span> <span class='ocrx_word' id='word_1_152' title='bbox 650 2228 781 2295; x_wconf 87' lang='lat' dir='ltr'>fortuna</span> <span class='ocrx_word' id='word_1_153' title='bbox 801 2232 899 2295; x_wconf 86' lang='lat' dir='ltr'>notae</span> <span class='ocrx_word' id='word_1_154' title='bbox 919 2228 1064 2295; x_wconf 90' lang='lat' dir='ltr'>indicant</span> <span class='ocrx_word' id='word_1_155' title='bbox 1084 2227 1147 2294; x_wconf 84' lang='lat' dir='ltr'>hoe</span> <span class='ocrx_word' id='word_1_156' title='bbox 1168 2230 1237 2296; x_wconf 91' lang='lat' dir='ltr'>sine</span> <span class='ocrx_word' id='word_1_157' title='bbox 1259 2233 1371 2296; x_wconf 85' lang='lat' dir='ltr'>aueto-</span> 
     </span>
     <span class='ocr_line' id='line_1_19' title="bbox 201 2328 1369 2422; baseline -0.004 -16"><span class='ocrx_word' id='word_1_158' title='bbox 201 2340 296 2405; x_wconf 86' lang='lat' dir='ltr'>ritate</span> <span class='ocrx_word' id='word_1_159' title='bbox 317 2337 439 2403; x_wconf 71' lang='lat' dir='ltr'>factem</span> <span class='ocrx_word' id='word_1_160' title='bbox 460 2358 543 2415; x_wconf 89' lang='lat' dir='ltr'>esse;</span> <span class='ocrx_word' id='word_1_161' title='bbox 569 2358 644 2402; x_wconf 86' lang='lat' dir='ltr'>nam</span> <span class='ocrx_word' id='word_1_162' title='bbox 670 2336 772 2404; x_wconf 81' lang='lat' dir='ltr'>codex</span> <span class='ocrx_word' id='word_1_163' title='bbox 797 2358 882 2403; x_wconf 91' lang='lat' dir='ltr'>unus</span> <span class='ocrx_word' id='word_1_164' title='bbox 902 2336 1002 2402; x_wconf 88' lang='lat' dir='ltr'>habet</span> <span class='ocrx_word' id='word_1_165' title='bbox 1022 2328 1145 2421; x_wconf 70' lang='lat' dir='ltr'>linaiis</span> <span class='ocrx_word' id='word_1_166' title='bbox 1164 2338 1184 2404; x_wconf 85' lang='lat' dir='ltr'>i</span> <span class='ocrx_word' id='word_1_167' title='bbox 1207 2360 1233 2403; x_wconf 84' lang='grc' dir='ltr'><em>ο.</em></span> <span class='ocrx_word' id='word_1_168' title='bbox 1254 2330 1369 2422; x_wconf 83' lang='grc' dir='ltr'><em>Κριός,</em></span> 
     </span>
     <span class='ocr_line' id='line_1_20' title="bbox 202 2437 1372 2533; baseline -0.003 -20"><span class='ocrx_word' id='word_1_169' title='bbox 202 2446 319 2533; x_wconf 87' lang='lat' dir='ltr'>reliqui</span> <span class='ocrx_word' id='word_1_170' title='bbox 341 2437 452 2528; x_wconf 82' lang='grc' dir='ltr'><em>Κριός.</em></span> <span class='ocrx_word' id='word_1_171' title='bbox 495 2443 560 2512; x_wconf 84' lang='lat' dir='ltr'>Sed</span> <span class='ocrx_word' id='word_1_172' title='bbox 585 2443 776 2530; x_wconf 83' lang='lat' dir='ltr'>Apollodl</span> <span class='ocrx_word' id='word_1_173' title='bbox 806 2452 835 2525; x_wconf 94' lang='grc'>1,</span> <span class='ocrx_word' id='word_1_174' title='bbox 862 2450 881 2511; x_wconf 85' lang='lat'><strong>3</strong></span> <span class='ocrx_word' id='word_1_175' title='bbox 903 2446 1015 2528; x_wconf 85' lang='grc' dir='ltr'><em>Κοῖος.</em></span> <span class='ocrx_word' id='word_1_176' title='bbox 1056 2444 1152 2530; x_wconf 84' lang='lat' dir='ltr'>Apud</span> <span class='ocrx_word' id='word_1_177' title='bbox 1179 2443 1372 2511; x_wconf 73' lang='lat' dir='ltr'>Pausaniam</span> 
     </span>
     <span class='ocr_line' id='line_1_21' title="bbox 203 2543 1371 2639; baseline -0.003 -18"><span class='ocrx_word' id='word_1_178' title='bbox 203 2553 266 2621; x_wconf 86' lang='lat' dir='ltr'>VII</span> <span class='ocrx_word' id='word_1_179' title='bbox 279 2559 329 2633; x_wconf 77' lang='lat' dir='ltr'>m,</span> <span class='ocrx_word' id='word_1_180' title='bbox 353 2562 388 2622; x_wconf 90' lang='lat'>11</span> <span class='ocrx_word' id='word_1_181' title='bbox 408 2574 468 2639; x_wconf 89' lang='lat' dir='ltr'>pro</span> <span class='ocrx_word' id='word_1_182' title='bbox 490 2543 596 2638; x_wconf 83' lang='grc' dir='ltr'><em>Κοιός</em></span> <span class='ocrx_word' id='word_1_183' title='bbox 610 2551 796 2620; x_wconf 85' lang='lat' dir='ltr'>Siebelisius</span> <span class='ocrx_word' id='word_1_184' title='bbox 818 2556 931 2618; x_wconf 85' lang='lat' dir='ltr'>contra</span> <span class='ocrx_word' id='word_1_185' title='bbox 952 2551 1078 2618; x_wconf 80' lang='lat' dir='ltr'>codices</span> <span class='ocrx_word' id='word_1_186' title='bbox 1099 2552 1223 2631; x_wconf 89' lang='lat' dir='ltr'>„nullus</span> <span class='ocrx_word' id='word_1_187' title='bbox 1244 2551 1371 2617; x_wconf 86' lang='lat' dir='ltr'>dubita·</span> 
     </span>
     <span class='ocr_line' id='line_1_22' title="bbox 202 2650 1372 2746; baseline -0.003 -18"><span class='ocrx_word' id='word_1_188' title='bbox 202 2664 266 2728; x_wconf 75' lang='lat' dir='ltr'>viu</span> <span class='ocrx_word' id='word_1_189' title='bbox 286 2661 424 2728; x_wconf 86' lang='lat' dir='ltr'>seribere</span> <span class='ocrx_word' id='word_1_190' title='bbox 439 2661 551 2742; x_wconf 84' lang='grc' dir='ltr'><em>Κοῖος.</em></span> <span class='ocrx_word' id='word_1_191' title='bbox 584 2659 686 2726; x_wconf 86' lang='lat' dir='ltr'>Porro</span> <span class='ocrx_word' id='word_1_192' title='bbox 707 2650 813 2743; x_wconf 82' lang='grc' dir='ltr'><em>Κριός</em></span> <span class='ocrx_word' id='word_1_193' title='bbox 824 2658 936 2725; x_wconf 83' lang='lat' dir='ltr'>Pluixi</span> <span class='ocrx_word' id='word_1_194' title='bbox 956 2660 1166 2746; x_wconf 82' lang='lat' dir='ltr'>paedagogus</span> <span class='ocrx_word' id='word_1_195' title='bbox 1187 2658 1253 2725; x_wconf 86' lang='lat' dir='ltr'>soh.</span> <span class='ocrx_word' id='word_1_196' title='bbox 1267 2658 1372 2740; x_wconf 85' lang='lat' dir='ltr'>Apoll</span> 
     </span>
     <span class='ocr_line' id='line_1_23' title="bbox 202 2758 1373 2853; baseline -0.005 -15"><span class='ocrx_word' id='word_1_197' title='bbox 202 2771 250 2838; x_wconf 89' lang='lat' dir='ltr'>IV</span> <span class='ocrx_word' id='word_1_198' title='bbox 274 2775 342 2838; x_wconf 83' lang='lat'><strong>119.</strong></span> <span class='ocrx_word' id='word_1_199' title='bbox 384 2766 536 2853; x_wconf 83' lang='lat' dir='ltr'>Palaeph.</span> <span class='ocrx_word' id='word_1_200' title='bbox 563 2772 613 2836; x_wconf 92' lang='grc'>31.</span> <span class='ocrx_word' id='word_1_201' title='bbox 655 2758 763 2850; x_wconf 86' lang='grc' dir='ltr'><em>Κριός</em></span> <span class='ocrx_word' id='word_1_202' title='bbox 787 2768 844 2847; x_wconf 87' lang='lat' dir='ltr'>(sic</span> <span class='ocrx_word' id='word_1_203' title='bbox 870 2766 973 2847; x_wconf 86' lang='lat' dir='ltr'>codd.)</span> <span class='ocrx_word' id='word_1_204' title='bbox 997 2767 1200 2833; x_wconf 80' lang='lat' dir='ltr'>Euboeensis</span> <span class='ocrx_word' id='word_1_205' title='bbox 1224 2766 1319 2833; x_wconf 89' lang='lat' dir='ltr'>Paus.</span> <span class='ocrx_word' id='word_1_206' title='bbox 1344 2766 1373 2832; x_wconf 89' lang='lat' dir='ltr'>X</span> 
     </span>
     <span class='ocr_line' id='line_1_24' title="bbox 203 2874 1373 2963; baseline -0.004 -16"><span class='ocrx_word' id='word_1_207' title='bbox 203 2888 231 2963; x_wconf 85' lang='grc'>6,</span> <span class='ocrx_word' id='word_1_208' title='bbox 252 2886 280 2947; x_wconf 86' lang='grc'>6.</span> <span class='ocrx_word' id='word_1_209' title='bbox 323 2875 425 2943; x_wconf 87' lang='lat' dir='ltr'>Vates</span> <span class='ocrx_word' id='word_1_210' title='bbox 447 2874 625 2962; x_wconf 85' lang='lat' dir='ltr'>Spartanus</span> <span class='ocrx_word' id='word_1_211' title='bbox 645 2875 742 2942; x_wconf 85' lang='lat' dir='ltr'>Paua.</span> <span class='ocrx_word' id='word_1_212' title='bbox 761 2874 809 2942; x_wconf 91' lang='lat' dir='ltr'>III</span> <span class='ocrx_word' id='word_1_213' title='bbox 833 2879 884 2955; x_wconf 86' lang='grc'>13,</span> <span class='ocrx_word' id='word_1_214' title='bbox 904 2882 923 2945; x_wconf 91' lang='grc'><strong>3</strong></span> <span class='ocrx_word' id='word_1_215' title='bbox 946 2878 979 2941; x_wconf 91' lang='lat' dir='ltr'>et</span> <span class='ocrx_word' id='word_1_216' title='bbox 999 2883 1019 2943; x_wconf 86' lang='grc'>1</span> <span class='ocrx_word' id='word_1_217' title='bbox 1040 2879 1169 2960; x_wconf 84' lang='lat' dir='ltr'>quater,</span> <span class='ocrx_word' id='word_1_218' title='bbox 1198 2896 1258 2940; x_wconf 87' lang='lat' dir='ltr'>nec</span> <span class='ocrx_word' id='word_1_219' title='bbox 1279 2874 1373 2942; x_wconf 82' lang='lat' dir='ltr'>codd.</span> 
     </span>
     <span class='ocr_line' id='line_1_25' title="bbox 203 2974 1374 3070; baseline -0.004 -16"><span class='ocrx_word' id='word_1_220' title='bbox 203 2988 297 3054; x_wconf 86' lang='lat' dir='ltr'>aliter</span> <span class='ocrx_word' id='word_1_221' title='bbox 325 3006 421 3070; x_wconf 91' lang='lat' dir='ltr'>qnam</span> <span class='ocrx_word' id='word_1_222' title='bbox 447 2974 562 3068; x_wconf 81' lang='grc' dir='ltr'><em>Κοιός.</em></span> <span class='ocrx_word' id='word_1_223' title='bbox 609 2984 758 3069; x_wconf 87' lang='lat' dir='ltr'>Denique</span> <span class='ocrx_word' id='word_1_224' title='bbox 790 3005 910 3049; x_wconf 88' lang='lat' dir='ltr'>nomen</span> <span class='ocrx_word' id='word_1_225' title='bbox 937 2983 1172 3069; x_wconf 80' lang='lat' dir='ltr'>Aegineticum.</span> <span class='ocrx_word' id='word_1_226' title='bbox 1215 2981 1374 3050; x_wconf 86' lang='lat' dir='ltr'>Scribitur</span> 
     </span>
     <span class='ocr_line' id='line_1_26' title="bbox 204 3089 1374 3181; baseline -0.005 -19"><span class='ocrx_word' id='word_1_227' title='bbox 204 3093 378 3181; x_wconf 75' lang='lat' dir='ltr'>aliquoties</span> <span class='ocrx_word' id='word_1_228' title='bbox 398 3091 433 3156; x_wconf 90' lang='lat' dir='ltr'>iu</span> <span class='ocrx_word' id='word_1_229' title='bbox 455 3091 504 3158; x_wconf 89' lang='lat' dir='ltr'>ed.</span> <span class='ocrx_word' id='word_1_230' title='bbox 526 3090 684 3159; x_wconf 77' lang='lat' dir='ltr'>Gaislord.</span> <span class='ocrx_word' id='word_1_231' title='bbox 720 3092 825 3173; x_wconf 82' lang='grc' dir='ltr'><em>Κοῖος</em></span> <span class='ocrx_word' id='word_1_232' title='bbox 844 3089 931 3176; x_wconf 87' lang='lat' dir='ltr'>apud</span> <span class='ocrx_word' id='word_1_233' title='bbox 944 3090 1063 3157; x_wconf 86' lang='lat' dir='ltr'>Herod</span> <span class='ocrx_word' id='word_1_234' title='bbox 1083 3089 1132 3156; x_wconf 86' lang='lat' dir='ltr'>Vl</span> <span class='ocrx_word' id='word_1_235' title='bbox 1152 3098 1200 3160; x_wconf 83' lang='grc'>50.</span> <span class='ocrx_word' id='word_1_236' title='bbox 1224 3096 1273 3158; x_wconf 84' lang='grc'>73.</span> <span class='ocrx_word' id='word_1_237' title='bbox 1308 3090 1374 3158; x_wconf 85' lang='lat' dir='ltr'>Sed</span> 
     </span>
     <span class='ocr_line' id='line_1_27' title="bbox 204 3191 1374 3288; baseline -0.006 -18"><span class='ocrx_word' id='word_1_238' title='bbox 204 3202 289 3288; x_wconf 88' lang='lat' dir='ltr'>apud</span> <span class='ocrx_word' id='word_1_239' title='bbox 311 3200 449 3268; x_wconf 89' lang='lat' dir='ltr'>eundem</span> <span class='ocrx_word' id='word_1_240' title='bbox 470 3197 548 3265; x_wconf 84' lang='lat' dir='ltr'>VIII</span> <span class='ocrx_word' id='word_1_241' title='bbox 570 3205 610 3268; x_wconf 78' lang='lat'>92</span> <span class='ocrx_word' id='word_1_242' title='bbox 631 3191 746 3282; x_wconf 85' lang='grc' dir='ltr'><em>Κριός,</em></span> <span class='ocrx_word' id='word_1_243' title='bbox 766 3198 844 3265; x_wconf 86' lang='lat' dir='ltr'>item</span> <span class='ocrx_word' id='word_1_244' title='bbox 864 3197 957 3268; x_wconf 81' lang='lat' dir='ltr'>Eust.</span> <span class='ocrx_word' id='word_1_245' title='bbox 979 3197 1020 3264; x_wconf 89' lang='lat' dir='ltr'>ad</span> <span class='ocrx_word' id='word_1_246' title='bbox 1039 3198 1137 3266; x_wconf 90' lang='lat' dir='ltr'>Dion.</span> <span class='ocrx_word' id='word_1_247' title='bbox 1158 3220 1224 3284; x_wconf 87' lang='lat' dir='ltr'>per.</span> <span class='ocrx_word' id='word_1_248' title='bbox 1245 3206 1319 3277; x_wconf 87' lang='grc'><strong>511,</strong></span> <span class='ocrx_word' id='word_1_249' title='bbox 1341 3203 1374 3264; x_wconf 92' lang='lat' dir='ltr'>et</span> 
     </span>
     <span class='ocr_line' id='line_1_28' title="bbox 203 3305 1373 3397; baseline -0.005 -21"><span class='ocrx_word' id='word_1_250' title='bbox 203 3310 277 3397; x_wconf 90' lang='lat' dir='ltr'>plus</span> <span class='ocrx_word' id='word_1_251' title='bbox 299 3308 399 3376; x_wconf 89' lang='lat' dir='ltr'>semel</span> <span class='ocrx_word' id='word_1_252' title='bbox 420 3307 520 3375; x_wconf 82' lang='lat' dir='ltr'>schol</span> <span class='ocrx_word' id='word_1_253' title='bbox 540 3305 626 3375; x_wconf 86' lang='lat' dir='ltr'>Nub.</span> <span class='ocrx_word' id='word_1_254' title='bbox 652 3312 731 3377; x_wconf 87' lang='grc'><strong>1359</strong></span> <span class='ocrx_word' id='word_1_255' title='bbox 752 3309 786 3373; x_wconf 93' lang='lat' dir='ltr'>et</span> <span class='ocrx_word' id='word_1_256' title='bbox 807 3330 856 3393; x_wconf 88' lang='lat' dir='ltr'>ap.</span> <span class='ocrx_word' id='word_1_257' title='bbox 872 3305 1039 3392; x_wconf 86' lang='lat' dir='ltr'>Aristoph.</span> <span class='ocrx_word' id='word_1_258' title='bbox 1059 3308 1166 3392; x_wconf 88' lang='lat' dir='ltr'>ipsum</span> <span class='ocrx_word' id='word_1_259' title='bbox 1186 3305 1250 3372; x_wconf 86' lang='lat' dir='ltr'>hoo</span> <span class='ocrx_word' id='word_1_260' title='bbox 1269 3328 1373 3372; x_wconf 73' lang='lat' dir='ltr'>versu,</span> 
     </span>
     <span class='ocr_line' id='line_1_29' title="bbox 204 3413 1375 3503; baseline -0.003 -18"><span class='ocrx_word' id='word_1_261' title='bbox 204 3419 277 3485; x_wconf 80' lang='lat' dir='ltr'>Hoc</span> <span class='ocrx_word' id='word_1_262' title='bbox 308 3438 439 3503; x_wconf 89' lang='lat' dir='ltr'>quoque</span> <span class='ocrx_word' id='word_1_263' title='bbox 469 3416 499 3481; x_wconf 86' lang='lat' dir='ltr'>si</span> <span class='ocrx_word' id='word_1_264' title='bbox 524 3415 839 3483; x_wconf 84' lang='lat' dir='ltr'>commemorandum</span> <span class='ocrx_word' id='word_1_265' title='bbox 864 3418 914 3482; x_wconf 88' lang='lat' dir='ltr'>est</span> <span class='ocrx_word' id='word_1_266' title='bbox 939 3413 1055 3481; x_wconf 83' lang='lat' dir='ltr'>fluvius</span> <span class='ocrx_word' id='word_1_267' title='bbox 1080 3413 1237 3493; x_wconf 75' lang='lat' dir='ltr'>Achaiae,</span> <span class='ocrx_word' id='word_1_268' title='bbox 1272 3414 1329 3499; x_wconf 89' lang='lat' dir='ltr'>qni</span> <span class='ocrx_word' id='word_1_269' title='bbox 1355 3437 1375 3481; x_wconf 91' lang='lat' dir='ltr'>a</span> 
     </span>
    </p>
   </div>
   <div class='ocr_carea' id='block_1_3' title="bbox 204 3640 1377 4482">
    <p class='ocr_par' dir='ltr' id='par_1_5' title="bbox 204 3640 1377 4482">
     <span class='ocr_line' id='line_1_30' title="bbox 206 3640 1372 3720; baseline -0.002 -16"><span class='ocrx_word' id='word_1_270' title='bbox 206 3649 320 3720; x_wconf 83' lang='lat' dir='ltr'>quidem</span> <span class='ocrx_word' id='word_1_271' title='bbox 338 3647 516 3705; x_wconf 81' lang='lat' dir='ltr'>eredendum.</span> <span class='ocrx_word' id='word_1_272' title='bbox 556 3647 601 3704; x_wconf 82' lang='lat' dir='ltr'>Sia</span> <span class='ocrx_word' id='word_1_273' title='bbox 617 3640 737 3719; x_wconf 72' lang='grc' dir='ltr'><em>Βοηθός</em></span> <span class='ocrx_word' id='word_1_274' title='bbox 758 3647 936 3704; x_wconf 81' lang='lat' dir='ltr'>scribendum</span> <span class='ocrx_word' id='word_1_275' title='bbox 957 3666 994 3703; x_wconf 89' lang='lat' dir='ltr'>an</span> <span class='ocrx_word' id='word_1_276' title='bbox 1011 3642 1131 3718; x_wconf 71' lang='grc' dir='ltr'><em>Βόηθος</em></span> <span class='ocrx_word' id='word_1_277' title='bbox 1152 3647 1222 3704; x_wconf 87' lang='lat' dir='ltr'>nihil</span> <span class='ocrx_word' id='word_1_278' title='bbox 1244 3647 1274 3704; x_wconf 91' lang='lat' dir='ltr'>in</span> <span class='ocrx_word' id='word_1_279' title='bbox 1291 3648 1372 3704; x_wconf 84' lang='lat' dir='ltr'>alter-</span> 
     </span>
     <span class='ocr_line' id='line_1_31' title="bbox 205 3731 1375 3804; baseline -0.001 -14"><span class='ocrx_word' id='word_1_280' title='bbox 205 3739 298 3791; x_wconf 76' lang='lat' dir='ltr'>utram</span> <span class='ocrx_word' id='word_1_281' title='bbox 309 3736 418 3804; x_wconf 61' lang='lat' dir='ltr'>parum</span> <span class='ocrx_word' id='word_1_282' title='bbox 435 3733 525 3789; x_wconf 88' lang='lat' dir='ltr'>habeo</span> <span class='ocrx_word' id='word_1_283' title='bbox 538 3732 614 3804; x_wconf 88' lang='lat' dir='ltr'>qnod</span> <span class='ocrx_word' id='word_1_284' title='bbox 630 3732 731 3791; x_wconf 68' lang='lat' dir='ltr'>emeat.</span> <span class='ocrx_word' id='word_1_285' title='bbox 749 3764 783 3775; x_wconf 95' lang='lat'><em>-</em></span> <span class='ocrx_word' id='word_1_286' title='bbox 799 3731 857 3788; x_wconf 84' lang='lat' dir='ltr'>Neo</span> <span class='ocrx_word' id='word_1_287' title='bbox 873 3732 923 3787; x_wconf 87' lang='lat' dir='ltr'>nbi</span> <span class='ocrx_word' id='word_1_288' title='bbox 939 3731 1022 3788; x_wconf 87' lang='lat' dir='ltr'>nimis</span> <span class='ocrx_word' id='word_1_289' title='bbox 1039 3731 1108 3789; x_wconf 87' lang='lat' dir='ltr'>mihi</span> <span class='ocrx_word' id='word_1_290' title='bbox 1124 3733 1264 3789; x_wconf 80' lang='lat' dir='ltr'>incertum</span> <span class='ocrx_word' id='word_1_291' title='bbox 1281 3736 1375 3789; x_wconf 85' lang='lat' dir='ltr'>utrum</span> 
     </span>
     <span class='ocr_line' id='line_1_32' title="bbox 205 3815 1375 3888; baseline -0.003 -13"><span class='ocrx_word' id='word_1_292' title='bbox 205 3836 308 3875; x_wconf 91' lang='lat' dir='ltr'>nomen</span> <span class='ocrx_word' id='word_1_293' title='bbox 330 3835 367 3873; x_wconf 85' lang='lat' dir='ltr'>an</span> <span class='ocrx_word' id='word_1_294' title='bbox 389 3835 545 3888; x_wconf 73' lang='lat' dir='ltr'>cognomen</span> <span class='ocrx_word' id='word_1_295' title='bbox 567 3816 612 3874; x_wconf 84' lang='lat' dir='ltr'>sit</span> <span class='ocrx_word' id='word_1_296' title='bbox 651 3817 710 3873; x_wconf 85' lang='lat' dir='ltr'>Neo</span> <span class='ocrx_word' id='word_1_297' title='bbox 736 3816 766 3872; x_wconf 91' lang='lat' dir='ltr'>in</span> <span class='ocrx_word' id='word_1_298' title='bbox 793 3816 895 3886; x_wconf 84' lang='lat' dir='ltr'>quibus</span> <span class='ocrx_word' id='word_1_299' title='bbox 921 3817 1013 3873; x_wconf 85' lang='lat' dir='ltr'>adhue</span> <span class='ocrx_word' id='word_1_300' title='bbox 1035 3817 1149 3887; x_wconf 88' lang='lat' dir='ltr'>quidem</span> <span class='ocrx_word' id='word_1_301' title='bbox 1172 3815 1375 3873; x_wconf 85' lang='lat' dir='ltr'>adiectivornm</span> 
     </span>
     <span class='ocr_line' id='line_1_33' title="bbox 204 3895 1376 3973; baseline -0.001 -14"><span class='ocrx_word' id='word_1_302' title='bbox 204 3902 289 3959; x_wconf 88' lang='lat' dir='ltr'>nimis</span> <span class='ocrx_word' id='word_1_303' title='bbox 310 3901 432 3958; x_wconf 84' lang='lat' dir='ltr'>incertus</span> <span class='ocrx_word' id='word_1_304' title='bbox 452 3903 592 3959; x_wconf 77' lang='lat' dir='ltr'>accentus</span> <span class='ocrx_word' id='word_1_305' title='bbox 628 3902 708 3958; x_wconf 86' lang='lat' dir='ltr'>Hane</span> <span class='ocrx_word' id='word_1_306' title='bbox 731 3901 767 3957; x_wconf 93' lang='lat' dir='ltr'>ob</span> <span class='ocrx_word' id='word_1_307' title='bbox 785 3918 898 3956; x_wconf 86' lang='lat' dir='ltr'>oausam</span> <span class='ocrx_word' id='word_1_308' title='bbox 920 3900 1075 3973; x_wconf 84' lang='lat' dir='ltr'>composita</span> <span class='ocrx_word' id='word_1_309' title='bbox 1095 3902 1125 3958; x_wconf 88' lang='lat' dir='ltr'>in</span> <span class='ocrx_word' id='word_1_310' title='bbox 1143 3917 1205 3973; x_wconf 79' lang='grc' dir='ltr'>οψ,</span> <span class='ocrx_word' id='word_1_311' title='bbox 1230 3895 1324 3969; x_wconf 83' lang='grc' dir='ltr'><em>ωπός,</em></span> <span class='ocrx_word' id='word_1_312' title='bbox 1347 3906 1376 3958; x_wconf 87' lang='lat' dir='ltr'>et</span> 
     </span>
     <span class='ocr_line' id='line_1_34' title="bbox 207 3985 1377 4059; baseline -0.001 -15"><span class='ocrx_word' id='word_1_313' title='bbox 207 3986 360 4058; x_wconf 78' lang='lat' dir='ltr'>composita</span> <span class='ocrx_word' id='word_1_314' title='bbox 381 4004 444 4042; x_wconf 86' lang='lat' dir='ltr'>enm</span> <span class='ocrx_word' id='word_1_315' title='bbox 465 3986 534 4058; x_wconf 72' lang='lat' dir='ltr'>peri</span> <span class='ocrx_word' id='word_1_316' title='bbox 551 4003 604 4044; x_wconf 84' lang='lat' dir='ltr'>see.</span> <span class='ocrx_word' id='word_1_317' title='bbox 628 3987 807 4059; x_wconf 74' lang='grc' dir='ltr'><em>(Ατοδοκος,</em></span> <span class='ocrx_word' id='word_1_318' title='bbox 828 3985 900 4055; x_wconf 87' lang='lat' dir='ltr'>sim.)</span> <span class='ocrx_word' id='word_1_319' title='bbox 921 4004 997 4042; x_wconf 88' lang='lat' dir='ltr'>nuno</span> <span class='ocrx_word' id='word_1_320' title='bbox 1018 3990 1135 4057; x_wconf 80' lang='lat' dir='ltr'>tangere</span> <span class='ocrx_word' id='word_1_321' title='bbox 1156 3987 1304 4043; x_wconf 89' lang='lat' dir='ltr'>noluimus.</span> <span class='ocrx_word' id='word_1_322' title='bbox 1340 3987 1377 4043; x_wconf 85' lang='lat' dir='ltr'>llt</span> 
     </span>
     <span class='ocr_line' id='line_1_35' title="bbox 206 4070 1377 4143; baseline -0.001 -15"><span class='ocrx_word' id='word_1_323' title='bbox 206 4071 346 4143; x_wconf 85' lang='lat' dir='ltr'>quaedam</span> <span class='ocrx_word' id='word_1_324' title='bbox 364 4070 421 4127; x_wconf 83' lang='lat' dir='ltr'>alia</span> <span class='ocrx_word' id='word_1_325' title='bbox 444 4086 518 4143; x_wconf 87' lang='lat' dir='ltr'>qnae</span> <span class='ocrx_word' id='word_1_326' title='bbox 537 4073 571 4128; x_wconf 91' lang='lat' dir='ltr'>nt</span> <span class='ocrx_word' id='word_1_327' title='bbox 590 4073 666 4128; x_wconf 84' lang='lat' dir='ltr'>reete</span> <span class='ocrx_word' id='word_1_328' title='bbox 686 4070 846 4127; x_wconf 81' lang='lat' dir='ltr'>indicentur</span> <span class='ocrx_word' id='word_1_329' title='bbox 870 4074 955 4128; x_wconf 84' lang='lat' dir='ltr'>antea</span> <span class='ocrx_word' id='word_1_330' title='bbox 970 4071 1114 4128; x_wconf 77' lang='lat' dir='ltr'>sciendum</span> <span class='ocrx_word' id='word_1_331' title='bbox 1131 4076 1174 4128; x_wconf 90' lang='lat' dir='ltr'>est</span> <span class='ocrx_word' id='word_1_332' title='bbox 1191 4072 1267 4143; x_wconf 90' lang='lat' dir='ltr'>qnod</span> <span class='ocrx_word' id='word_1_333' title='bbox 1284 4072 1377 4127; x_wconf 84' lang='lat' dir='ltr'>adhue</span> 
     </span>
     <span class='ocr_line' id='line_1_36' title="bbox 205 4153 1376 4228; baseline 0.001 -14"><span class='ocrx_word' id='word_1_334' title='bbox 205 4156 330 4214; x_wconf 81' lang='lat' dir='ltr'>nemitur</span> <span class='ocrx_word' id='word_1_335' title='bbox 353 4172 406 4212; x_wconf 86' lang='lat' dir='ltr'>neo</span> <span class='ocrx_word' id='word_1_336' title='bbox 429 4155 521 4227; x_wconf 83' lang='lat' dir='ltr'>ipsum</span> <span class='ocrx_word' id='word_1_337' title='bbox 547 4155 601 4212; x_wconf 85' lang='lat' dir='ltr'>nisi</span> <span class='ocrx_word' id='word_1_338' title='bbox 626 4153 733 4211; x_wconf 78' lang='lat' dir='ltr'>difficili</span> <span class='ocrx_word' id='word_1_339' title='bbox 759 4153 899 4225; x_wconf 79' lang='lat' dir='ltr'>(luotaque</span> <span class='ocrx_word' id='word_1_340' title='bbox 925 4155 1107 4228; x_wconf 84' lang='lat' dir='ltr'>inquisitione</span> <span class='ocrx_word' id='word_1_341' title='bbox 1128 4155 1253 4228; x_wconf 80' lang='lat' dir='ltr'>expediii</span> <span class='ocrx_word' id='word_1_342' title='bbox 1274 4158 1376 4227; x_wconf 86' lang='lat' dir='ltr'>potest.</span> 
     </span>
     <span class='ocr_line' id='line_1_37' title="bbox 206 4238 1376 4311; baseline -0.003 -13"><span class='ocrx_word' id='word_1_343' title='bbox 206 4242 284 4311; x_wconf 75' lang='lat' dir='ltr'>Quae</span> <span class='ocrx_word' id='word_1_344' title='bbox 302 4239 397 4297; x_wconf 87' lang='lat' dir='ltr'>omnia</span> <span class='ocrx_word' id='word_1_345' title='bbox 417 4242 582 4311; x_wconf 82' lang='lat' dir='ltr'>profuerunt</span> <span class='ocrx_word' id='word_1_346' title='bbox 604 4238 693 4310; x_wconf 72' lang='lat' dir='ltr'>magis</span> <span class='ocrx_word' id='word_1_347' title='bbox 715 4242 800 4310; x_wconf 81' lang='lat' dir='ltr'>quedl</span> <span class='ocrx_word' id='word_1_348' title='bbox 825 4240 983 4298; x_wconf 82' lang='lat' dir='ltr'>defuerunt</span> <span class='ocrx_word' id='word_1_349' title='bbox 1022 4241 1077 4297; x_wconf 87' lang='lat' dir='ltr'>Sed</span> <span class='ocrx_word' id='word_1_350' title='bbox 1097 4241 1234 4298; x_wconf 79' lang='lat' dir='ltr'>nonnulla</span> <span class='ocrx_word' id='word_1_351' title='bbox 1255 4240 1376 4303; x_wconf 84' lang='lat' dir='ltr'>nomina,</span> 
     </span>
     <span class='ocr_line' id='line_1_38' title="bbox 207 4324 1377 4399; baseline -0.003 -16"><span class='ocrx_word' id='word_1_352' title='bbox 207 4344 280 4399; x_wconf 88' lang='lat' dir='ltr'>qnae</span> <span class='ocrx_word' id='word_1_353' title='bbox 301 4324 371 4381; x_wconf 88' lang='lat' dir='ltr'>mihi</span> <span class='ocrx_word' id='word_1_354' title='bbox 392 4324 508 4382; x_wconf 70' lang='lat' dir='ltr'>lemane</span> <span class='ocrx_word' id='word_1_355' title='bbox 529 4326 591 4381; x_wconf 83' lang='lat' dir='ltr'>neni</span> <span class='ocrx_word' id='word_1_356' title='bbox 613 4341 671 4381; x_wconf 84' lang='lat' dir='ltr'>esse</span> <span class='ocrx_word' id='word_1_357' title='bbox 698 4326 842 4395; x_wconf 85' lang='lat' dir='ltr'>poterant,</span> <span class='ocrx_word' id='word_1_358' title='bbox 866 4326 943 4383; x_wconf 83' lang='lat' dir='ltr'>hand</span> <span class='ocrx_word' id='word_1_359' title='bbox 965 4326 1050 4383; x_wconf 91' lang='lat' dir='ltr'>dubie</span> <span class='ocrx_word' id='word_1_360' title='bbox 1072 4325 1187 4393; x_wconf 54' lang='lat' dir='ltr'>nesciet</span> <span class='ocrx_word' id='word_1_361' title='bbox 1211 4329 1241 4382; x_wconf 90' lang='lat' dir='ltr'>et</span> <span class='ocrx_word' id='word_1_362' title='bbox 1256 4325 1310 4381; x_wconf 85' lang='lat' dir='ltr'>hoe</span> <span class='ocrx_word' id='word_1_363' title='bbox 1327 4327 1377 4387; x_wconf 73' lang='lat' dir='ltr'>est</span> 
     </span>
     <span class='ocr_line' id='line_1_39' title="bbox 207 4409 897 4482; baseline -0.001 -14"><span class='ocrx_word' id='word_1_364' title='bbox 207 4411 283 4482; x_wconf 83' lang='lat' dir='ltr'>qnod</span> <span class='ocrx_word' id='word_1_365' title='bbox 299 4410 413 4469; x_wconf 82' lang='lat' dir='ltr'>veniam</span> <span class='ocrx_word' id='word_1_366' title='bbox 431 4427 449 4467; x_wconf 83' lang='grc' dir='ltr'><em>ο</em></span> <span class='ocrx_word' id='word_1_367' title='bbox 465 4409 618 4468; x_wconf 82' lang='lat' dir='ltr'>lectoribus</span> <span class='ocrx_word' id='word_1_368' title='bbox 636 4409 787 4481; x_wconf 85' lang='lat' dir='ltr'>impetrare</span> <span class='ocrx_word' id='word_1_369' title='bbox 805 4409 897 4467; x_wconf 78' lang='lat' dir='ltr'>velim</span> 
     </span>
    </p>
   </div>
   <div class='ocr_carea' id='block_1_4' title="bbox 0 0 1729 4934">
    <p class='ocr_par' dir='ltr' id='par_1_6' title="bbox 0 0 1729 4934">
     <span class='ocr_line' id='line_1_40' title="bbox 0 0 1729 4934; baseline 0 0"><span class='ocrx_word' id='word_1_370' title='bbox 0 0 1729 4934; x_wconf 95' lang='lat' dir='ltr'> </span> 
     </span>
    </p>
   </div>
  </div>
 </body>
</html>
