3425 4934
360 327 401 389 50
448 320 481 375 ΙΙ.
510 318 552 374 De
572 318 749 374 Arntarchea
766 317 967 374 vocabulorum
983 315 1193 371 Homericorum
1210 315 1451 386 interpretatione.
1702 366 1706 429 p

359 488 399 553 iis
421 510 490 553 esse
510 486 688 562 vocabulis,
720 508 802 572 quae
825 507 898 552 cum
919 485 1025 570 specie
1047 484 1229 549 communia
1255 484 1424 555 videantur
1444 486 1476 551 vi
1498 489 1531 549 et

361 595 485 680 origine
506 593 641 659 Homeri
663 595 807 680 propria,
836 617 899 660 usu
926 592 1094 675 antiquata
1120 592 1280 656 censenda
1304 592 1377 657 sint,
1418 591 1456 656 In
1479 592 1531 658 his

359 725 424 767 una
437 702 504 766 veri
523 701 707 766 inveniendi
727 702 780 769 ria
801 704 859 783 est,
878 705 917 765 ut
935 700 1092 785 quidquid
1113 698 1347 784 praeiudicatae
1370 699 1531 784 opinionis

359 808 547 875 imbibimus
561 807 704 892 seposito
718 830 816 873 unum
830 806 999 891 solumque
1010 806 1188 872 Homerum
1201 807 1414 871 attendamus.
1437 804 1532 883 Quod

360 916 393 980 in
416 915 597 981 Homericis
618 918 752 1000 propter
777 916 891 979 miram
917 912 1169 999 simplicitatem,
1196 935 1260 997 qua
1284 914 1364 979 nihil
1390 914 1533 979 admittit

360 1023 513 1107 quaesiti,
538 1023 684 1108 proxima
706 1043 852 1106 quaeque
880 1021 1029 1087 adsciscit
1056 1024 1089 1085 et
1109 1021 1175 1085 suis
1197 1020 1276 1086 locis
1295 1022 1433 1086 maxime
1454 1043 1532 1086 con·

359 1130 530 1208 venientia,
551 1129 637 1195 cedit
657 1151 892 1213 nonnunquam
913 1151 1065 1214 prospere
1087 1132 1120 1193 et
1140 1129 1237 1193 cessit
1256 1128 1342 1193 haud
1364 1151 1436 1194 raro
1457 1128 1532 1192 Ari·

360 1236 503 1312 starcho,
535 1258 631 1321 quem
658 1258 729 1301 eam
751 1235 793 1301 ob
815 1258 945 1302 oausam
966 1238 1029 1319 (est
1048 1236 1128 1301 haec
1149 1236 1307 1320 quaedam
1328 1235 1491 1314 divinatio)
1513 1258 1532 1300 a

360 1343 537 1410 Posidonio
560 1344 736 1410 honorifice
757 1343 876 1409 Vatem
897 1343 1093 1429 appellatum
1115 1363 1185 1408 esse
1207 1343 1330 1428 opinor.

444 1451 599 1517 Ciconum
621 1451 699 1516 urbe
726 1451 851 1536 direpta
877 1452 1060 1537 praedaque
1081 1452 1166 1516 inter
1191 1450 1296 1516 socios
1322 1450 1442 1535 partita
1461 1449 1533 1515 vin·

361 1560 479 1625 dictam
494 1560 612 1624 timens
625 1557 736 1624 Ulixes
758 1558 850 1623 iubet
871 1559 997 1623 sodales
1021 1557 1122 1643 διερῷ
1142 1554 1225 1623 ποδὶ
1247 1554 1410 1644 φευγέμεν
1431 1562 1457 1641 (ι
1472 1560 1533 1641 43),

360 1668 447 1753 quod
463 1689 574 1731 omnes
589 1667 669 1731 mihi
684 1665 863 1731 assentiant
876 1665 958 1730 nihil
973 1664 1061 1731 aliud
1081 1688 1150 1731 esse
1170 1687 1266 1751 posse
1289 1688 1385 1750 quam
1408 1666 1533 1753 „firgaci

359 1775 458 1860 pede“
479 1796 513 1839 se
540 1773 717 1857 proripere,
744 1777 918 1858 antequam
943 1772 1055 1839 hostes
1084 1774 1185 1858 copiis
1206 1772 1350 1838 collectis
1371 1774 1532 1839 accedant.

358 1880 427 1947 Iam
444 1879 636 1947 vocabulum
651 1880 914 1967 contemplemur.
950 1880 1167 1966 Agnoscimus
1182 1902 1283 1946 unum
1298 1902 1337 1945 ex
1351 1881 1413 1947 illis
1428 1881 1534 1946 adiec-

359 1990 433 2053 tivis
454 1989 488 2053 in
508 1982 597 2069 ερός,
625 1987 732 2071 qualia
753 1991 829 2052 sunt
850 1982 1000 2070 κρυερός,
1027 1982 1195 2069 σταμερός,
1226 1982 1368 2072 σκιερόςε
1396 1992 1430 2053 et
1449 1987 1533 2053 forte

358 2095 489 2161 fortuna
509 2096 588 2180 ipsa,
612 2117 708 2179 quem
730 2094 923 2179 quaerimus,
944 2095 1034 2160 radix
1053 2099 1121 2159 tam
1135 2099 1185 2162 est
1198 2101 1286 2175 nota,
1307 2100 1375 2161 tam
1389 2094 1533 2161 Homero

358 2203 572 2287 frequentata,
586 2206 623 2267 ut
640 2202 681 2266 ab
694 2203 756 2267 bae
769 2206 861 2286 parte
876 2203 940 2266 iam
954 2201 1046 2267 nullo
1061 2203 1158 2268 modo
1173 2202 1367 2269 laboremus.
1402 2202 1535 2268 Etenim

360 2308 443 2387 διΩ,
466 2304 602 2373 δίεσθαι
624 2310 696 2394 quis
717 2309 841 2374 nescit?
872 2308 961 2386 Quae
987 2310 1015 2375 si
1037 2309 1399 2396 significant„b1gere“,
1425 2301 1536 2391 διερός

360 2421 411 2483 est
424 2417 538 2503 fugam
550 2418 601 2482 sin
618 2416 801 2501 significant
814 2416 972 2501 „iugare‚“
989 2418 1077 2501 quod
1091 2418 1170 2482 item
1184 2416 1408 2503 sigmficant²⁹
1424 2409 1535 2498 διερός

360 2528 410 2590 est
423 2523 600 2608 ,δαματονέί
636 2523 837 2607 Quamquam
853 2524 979 2588 etiamsi
995 2524 1112 2609 duplex
1125 2524 1205 2589 haec
1227 2525 1318 2589 notio
1340 2522 1446 2588 verbis
1467 2545 1534 2588 non

358 2631 489 2709 inesset,
509 2630 544 2694 in
566 2629 722 2694 adiectivo
745 2628 895 2713 duplicis,
922 2652 1019 2714 quam
1041 2632 1177 2695 activam
1200 2635 1232 2697 et
1249 2631 1409 2715 passivam
1431 2630 1533 2696 dicere

360 2737 518 2813 solemus,
552 2736 797 2823 significationis
831 2758 1007 2803 concursus
1040 2760 1136 2824 quem
1166 2738 1370 2804 mediocriter
1404 2737 1536 2802 doctum

360 2844 556 2910 offenderet?
590 2843 717 2910 Horum
746 2847 873 2909 tantum
905 2845 1098 2923 admonebo,
1134 2868 1215 2930 quae
1247 2848 1324 2911 sunt
1354 2865 1393 2909 ex
1420 2844 1535 2909 eodem

294 2953 348 3022 (θῦ)
363 2953 495 3034 scrinio,
515 2943 683 3036 στυγερός,
704 2944 884 3040 σφαλερός,
907 2945 1063 3037 φοβερός.
1097 2953 1245 3018 Activam
1266 2950 1536 3037 significationem

360 3059 421 3123 adi.
443 3053 555 3144 διερός
574 3059 608 3123 in
627 3059 729 3124 altero
750 3058 823 3125 loco
844 3059 1060 3144 agnoscimus.
1095 3059 1274 3125 Nsusicaae
1287 3057 1426 3124 famulae
1439 3058 1535 3125 Ulixe

360 3170 533 3250 conspecto
555 3165 736 3252 aufugiunt,
756 3169 880 3250 etipsa
900 3166 1067 3232 blanditiis
1090 3167 1158 3231 eius
1180 3170 1274 3249 capta
1294 3162 1331 3250 (ζ
1351 3166 1426 3249 198>

313 3282 345 3331 50
598 3265 846 3360 ἀμφιπόλοισιν
868 3268 1116 3354 ἐϋπλοκάμοισι
1139 3268 1304 3337 κέλευσεν·

460 3374 555 3465 στῆτέ
574 3402 646 3463 μοι,
671 3373 878 3468 ἀμφίπολοι·
900 3374 985 3445 πόσε
1006 3377 1150 3469 φεύγετε,
1172 3382 1268 3467 φῶτα
1290 3373 1441 3456 ἷδσῦσαις

462 3478 485 3572 ἦ
506 3485 552 3575 μή
570 3485 638 3553 nori
659 3511 733 3553 τινα
754 3484 940 3570 δυσμενέων
961 3480 1073 3575 φάσθ’
1097 3482 1237 3571 ἔμμεναι
1260 3481 1406 3572 ἀνδρῶνς

464 3588 525 3659 οὐκ
545 3588 622 3661 ἔσθ’
648 3584 745 3674 οὗτος
767 3588 849 3684 ἀνὴρ
872 3593 984 3680 διερὸς
1003 3590 1134 3679 βροτός,
1160 3589 1238 3661 οὐδὲ
1259 3592 1400 3680 γένηται,

464 3697 501 3779 ὅς
522 3724 578 3766 κεν
604 3697 763 3791 Φαιήκων
784 3696 916 3788 ἀνδρῶν
937 3698 972 3780 ἐς
993 3705 1091 3787 γαῖαν
1111 3703 1234 3790 ἵκηται,

464 3809 622 3897 δηϊοτῆτα
645 3809 770 3895 φέρων·

360 3916 411 3982 Τα
426 3916 499 3984 colo
519 3920 626 4002 posito
647 3923 723 4004 post
743 3913 864 4002 βροτός
875 3919 939 3984 hoo
955 3923 1035 4003 puta
1048 3919 1207 4003 virginem
1227 3917 1346 3983 dicere:
1367 3917 1535 3997 „Quonam

360 4025 515 4110 aufugitis
540 4026 609 4091 viro
637 4031 832 4109 conspecto?
863 4023 994 4092 Numne
1025 4048 1099 4092 eum
1129 4025 1258 4091 hostem
1293 4047 1362 4090 esse
1391 4027 1535 4111 putatis?

359 4130 436 4197 Non
464 4135 514 4197 est
538 4132 601 4200 iste
625 4134 675 4198 vir
690 4134 822 4218 fugator
842 4134 942 4199 homo
970 4133 1013 4216 (h.
1035 4155 1063 4199 e.
1085 4154 1152 4198 non
1177 4133 1206 4197 is
1232 4136 1281 4198 est
1300 4154 1397 4216 quem
1420 4132 1534 4218 fugere

426 4367 452 4409 δῦ
471 4367 501 4420 X
517 4370 563 4422 251
585 4365 714 4423 meliores
731 4366 793 4423 add.
811 4363 873 4429 δίας
890 4363 1061 4419 exhibebant
1077 4379 1128 4434 pro
1146 4364 1220 4421 tlon.
