<?xml version="1.0" encoding="UTF-8"?>
<!DOCTYPE html PUBLIC "-//W3C//DTD XHTML 1.0 Transitional//EN"
    "http://www.w3.org/TR/xhtml1/DTD/xhtml1-transitional.dtd">
<html xmlns="http://www.w3.org/1999/xhtml" xml:lang="en" lang="en">
 <head>
  <title>
</title>
<meta http-equiv="Content-Type" content="text/html;charset=utf-8" />
  <meta name='ocr-system' content='tesseract 3.04.00' />
  <meta name='ocr-capabilities' content='ocr_page ocr_carea ocr_par ocr_line ocrx_word'/>
</head>
<body>
  <div class='ocr_page' id='page_1' title='image "./dearistarchistu00ludwgoog/dearistarchistu00ludwgoog_0037.png"; bbox 0 0 3425 4934; ppageno 0'>
   <div class='ocr_carea' id='block_1_1' title="bbox 381 289 1342 358">
    <p class='ocr_par' dir='ltr' id='par_1_1' title="bbox 381 289 1342 358">
     <span class='ocr_line' id='line_1_1' title="bbox 381 289 1342 358; baseline 0 -13"><span class='ocrx_word' id='word_1_1' title='bbox 381 296 404 346; x_wconf 76' lang='grc'>2.</span> <span class='ocrx_word' id='word_1_2' title='bbox 421 289 534 358; x_wconf 81' lang='lat' dir='ltr'><strong>Didymi</strong></span> <span class='ocrx_word' id='word_1_3' title='bbox 550 290 622 345; x_wconf 85' lang='lat' dir='ltr'>liber</span> <span class='ocrx_word' id='word_1_4' title='bbox 639 291 674 345; x_wconf 87' lang='lat' dir='ltr'>de</span> <span class='ocrx_word' id='word_1_5' title='bbox 694 289 848 346; x_wconf 75' lang='lat' dir='ltr'><strong>Aristarchi</strong></span> <span class='ocrx_word' id='word_1_6' title='bbox 866 290 991 347; x_wconf 77' lang='lat' dir='ltr'>editione</span> <span class='ocrx_word' id='word_1_7' title='bbox 1010 291 1132 346; x_wconf 82' lang='lat' dir='ltr'>Homeri.</span> <span class='ocrx_word' id='word_1_8' title='bbox 1302 297 1342 358; x_wconf 85' lang='lat'>23</span> 
     </span>
    </p>
   </div>
   <div class='ocr_carea' id='block_1_2' title="bbox 165 458 1407 3234">
    <p class='ocr_par' dir='ltr' id='par_1_2' title="bbox 165 458 1407 3234">
     <span class='ocr_line' id='line_1_2' title="bbox 165 458 1407 548; baseline -0.007 -19"><span class='ocrx_word' id='word_1_9' title='bbox 165 464 273 548; x_wconf 85' lang='lat' dir='ltr'>gistro</span> <span class='ocrx_word' id='word_1_10' title='bbox 289 461 402 546; x_wconf 88' lang='lat' dir='ltr'>scripti</span> <span class='ocrx_word' id='word_1_11' title='bbox 417 461 473 525; x_wconf 90' lang='lat' dir='ltr'>sed</span> <span class='ocrx_word' id='word_1_12' title='bbox 489 460 530 524; x_wconf 89' lang='lat' dir='ltr'>ad</span> <span class='ocrx_word' id='word_1_13' title='bbox 548 459 617 524; x_wconf 88' lang='lat' dir='ltr'>eius</span> <span class='ocrx_word' id='word_1_14' title='bbox 632 458 759 525; x_wconf 90' lang='lat' dir='ltr'>scholas</span> <span class='ocrx_word' id='word_1_15' title='bbox 774 460 814 525; x_wconf 92' lang='lat' dir='ltr'>ab</span> <span class='ocrx_word' id='word_1_16' title='bbox 837 460 1001 545; x_wconf 80' lang='lat' dir='ltr'>discipulis</span> <span class='ocrx_word' id='word_1_17' title='bbox 1020 461 1202 545; x_wconf 86' lang='lat' dir='ltr'>consignati</span> <span class='ocrx_word' id='word_1_18' title='bbox 1224 461 1338 525; x_wconf 88' lang='lat' dir='ltr'>essent.</span> <span class='ocrx_word' id='word_1_19' title='bbox 1354 458 1407 526; x_wconf 80' lang='lat'><strong>(26)</strong></span> 
     </span>
     <span class='ocr_line' id='line_1_3' title="bbox 165 566 1343 654; baseline -0.004 -18"><span class='ocrx_word' id='word_1_20' title='bbox 165 569 268 636; x_wconf 84' lang='lat' dir='ltr'>Recte</span> <span class='ocrx_word' id='word_1_21' title='bbox 302 569 404 654; x_wconf 90' lang='lat' dir='ltr'>igitur</span> <span class='ocrx_word' id='word_1_22' title='bbox 434 566 592 651; x_wconf 80' lang='lat' dir='ltr'>Didymus</span> <span class='ocrx_word' id='word_1_23' title='bbox 624 568 780 632; x_wconf 90' lang='lat' dir='ltr'>eiusmodi</span> <span class='ocrx_word' id='word_1_24' title='bbox 817 567 1056 633; x_wconf 86' lang='lat' dir='ltr'>commentariis</span> <span class='ocrx_word' id='word_1_25' title='bbox 1087 567 1193 632; x_wconf 85' lang='lat' dir='ltr'>minus</span> <span class='ocrx_word' id='word_1_26' title='bbox 1228 567 1343 632; x_wconf 75' lang='lat' dir='ltr'>tribuit</span> 
     </span>
     <span class='ocr_line' id='line_1_4' title="bbox 167 673 1342 762; baseline -0.006 -19"><span class='ocrx_word' id='word_1_27' title='bbox 167 700 267 762; x_wconf 88' lang='lat' dir='ltr'>quam</span> <span class='ocrx_word' id='word_1_28' title='bbox 294 675 387 741; x_wconf 91' lang='lat' dir='ltr'>libris</span> <span class='ocrx_word' id='word_1_29' title='bbox 413 675 453 739; x_wconf 91' lang='lat' dir='ltr'>ab</span> <span class='ocrx_word' id='word_1_30' title='bbox 482 674 554 758; x_wconf 87' lang='lat' dir='ltr'>ipso</span> <span class='ocrx_word' id='word_1_31' title='bbox 579 677 709 738; x_wconf 91' lang='lat' dir='ltr'>auctore</span> <span class='ocrx_word' id='word_1_32' title='bbox 731 675 900 740; x_wconf 87' lang='lat' dir='ltr'>doctorum</span> <span class='ocrx_word' id='word_1_33' title='bbox 921 675 1039 740; x_wconf 89' lang='lat' dir='ltr'>iudicio</span> <span class='ocrx_word' id='word_1_34' title='bbox 1062 675 1224 759; x_wconf 80' lang='lat' dir='ltr'>expositis.</span> <span class='ocrx_word' id='word_1_35' title='bbox 1259 673 1342 739; x_wconf 83' lang='lat' dir='ltr'>Vide</span> 
     </span>
     <span class='ocr_line' id='line_1_5' title="bbox 167 780 1343 869; baseline -0.005 -20"><span class='ocrx_word' id='word_1_36' title='bbox 167 806 267 869; x_wconf 88' lang='lat' dir='ltr'>qnam</span> <span class='ocrx_word' id='word_1_37' title='bbox 282 806 321 848; x_wconf 85' lang='lat' dir='ltr'>ea</span> <span class='ocrx_word' id='word_1_38' title='bbox 340 783 379 848; x_wconf 87' lang='lat' dir='ltr'>de</span> <span class='ocrx_word' id='word_1_39' title='bbox 400 803 434 846; x_wconf 89' lang='lat' dir='ltr'>re</span> <span class='ocrx_word' id='word_1_40' title='bbox 455 781 599 866; x_wconf 88' lang='lat' dir='ltr'>ingenue</span> <span class='ocrx_word' id='word_1_41' title='bbox 616 780 757 846; x_wconf 81' lang='lat' dir='ltr'>Galenus</span> <span class='ocrx_word' id='word_1_42' title='bbox 778 781 926 856; x_wconf 77' lang='lat' dir='ltr'>fateatur,</span> <span class='ocrx_word' id='word_1_43' title='bbox 948 782 1027 846; x_wconf 90' lang='lat' dir='ltr'>haec</span> <span class='ocrx_word' id='word_1_44' title='bbox 1048 781 1181 846; x_wconf 88' lang='lat' dir='ltr'>addens:</span> <span class='ocrx_word' id='word_1_45' title='bbox 1206 802 1343 863; x_wconf 80' lang='grc' dir='ltr'><strong><em>χεχραμ·</em></strong></span> 
     </span>
     <span class='ocr_line' id='line_1_6' title="bbox 167 879 1344 974; baseline -0.006 -18"><span class='ocrx_word' id='word_1_46' title='bbox 167 887 278 972; x_wconf 83' lang='grc' dir='ltr'><strong><em>μένων</em></strong></span> <span class='ocrx_word' id='word_1_47' title='bbox 297 880 370 973; x_wconf 79' lang='grc' dir='ltr'><strong><em>οὖν,</em></strong></span> <span class='ocrx_word' id='word_1_48' title='bbox 392 882 438 965; x_wconf 80' lang='grc' dir='ltr'>ὡς</span> <span class='ocrx_word' id='word_1_49' title='bbox 459 880 557 974; x_wconf 78' lang='grc' dir='ltr'><strong><em>ἔφην,</em></strong></span> <span class='ocrx_word' id='word_1_50' title='bbox 588 879 626 950; x_wconf 79' lang='grc' dir='ltr'>οὗ</span> <span class='ocrx_word' id='word_1_51' title='bbox 650 882 733 969; x_wconf 80' lang='grc' dir='ltr'><strong><em>πρὸς</em></strong></span> <span class='ocrx_word' id='word_1_52' title='bbox 753 882 888 954; x_wconf 75' lang='grc' dir='ltr'><strong><em>ἔκδοσιν</em></strong></span> <span class='ocrx_word' id='word_1_53' title='bbox 909 882 1035 964; x_wconf 77' lang='grc' dir='ltr'><strong><em>αὐτῶν,</em></strong></span> <span class='ocrx_word' id='word_1_54' title='bbox 1064 880 1152 951; x_wconf 87' lang='grc' dir='ltr'><strong><em>άλλὰ</em></strong></span> <span class='ocrx_word' id='word_1_55' title='bbox 1173 885 1256 952; x_wconf 79' lang='grc' dir='ltr'><strong><em>κατὰ</em></strong></span> <span class='ocrx_word' id='word_1_56' title='bbox 1282 886 1344 970; x_wconf 68' lang='grc' dir='ltr'>τήν</span> 
     </span>
     <span class='ocr_line' id='line_1_7' title="bbox 167 988 1344 1083; baseline -0.002 -20"><span class='ocrx_word' id='word_1_57' title='bbox 167 1001 235 1063; x_wconf 80' lang='grc' dir='ltr'>σῶν</span> <span class='ocrx_word' id='word_1_58' title='bbox 249 992 438 1083; x_wconf 72' lang='grc' dir='ltr'><em>δεηθέντων</em></span> <span class='ocrx_word' id='word_1_59' title='bbox 460 991 528 1076; x_wconf 73' lang='grc' dir='ltr'><strong><em>ἕξιν</em></strong></span> <span class='ocrx_word' id='word_1_60' title='bbox 547 1016 584 1059; x_wconf 80' lang='grc' dir='ltr'>σε</span> <span class='ocrx_word' id='word_1_61' title='bbox 604 992 660 1062; x_wconf 84' lang='grc' dir='ltr'><strong><em>καί</em></strong></span> <span class='ocrx_word' id='word_1_62' title='bbox 672 989 796 1078; x_wconf 87' lang='grc' dir='ltr'><strong><em>χρείαν,</em></strong></span> <span class='ocrx_word' id='word_1_63' title='bbox 820 989 910 1074; x_wconf 87' lang='grc' dir='ltr'><strong><em>είκδς</em></strong></span> <span class='ocrx_word' id='word_1_64' title='bbox 932 991 1040 1083; x_wconf 79' lang='grc' dir='ltr'><strong><em>δηπσο</em></strong></span> <span class='ocrx_word' id='word_1_65' title='bbox 1054 991 1095 1059; x_wconf 83' lang='grc' dir='ltr'>τὰ</span> <span class='ocrx_word' id='word_1_66' title='bbox 1114 992 1175 1077; x_wconf 79' lang='grc' dir='ltr'>μὲν</span> <span class='ocrx_word' id='word_1_67' title='bbox 1193 988 1344 1061; x_wconf 77' lang='grc' dir='ltr'><strong><em>ἐκτετάσ-</em></strong></span> 
     </span>
     <span class='ocr_line' id='line_1_8' title="bbox 169 1096 1344 1191; baseline -0.003 -20"><span class='ocrx_word' id='word_1_68' title='bbox 169 1110 246 1187; x_wconf 75' lang='grc' dir='ltr'><strong><em>θαι,</em></strong></span> <span class='ocrx_word' id='word_1_69' title='bbox 268 1102 310 1168; x_wconf 79' lang='grc' dir='ltr'>τὰ</span> <span class='ocrx_word' id='word_1_70' title='bbox 327 1099 364 1168; x_wconf 76' lang='grc' dir='ltr'>δὲ</span> <span class='ocrx_word' id='word_1_71' title='bbox 378 1101 601 1167; x_wconf 72' lang='grc' dir='ltr'><strong><em>συνεστάλθαι</em></strong></span> <span class='ocrx_word' id='word_1_72' title='bbox 615 1100 672 1167; x_wconf 89' lang='grc' dir='ltr'><strong><em>καί</em></strong></span> <span class='ocrx_word' id='word_1_73' title='bbox 684 1101 747 1191; x_wconf 80' lang='grc' dir='ltr'>τὴν</span> <span class='ocrx_word' id='word_1_74' title='bbox 761 1098 934 1191; x_wconf 78' lang='grc' dir='ltr'><strong><em>ἑρμηνείαν</em></strong></span> <span class='ocrx_word' id='word_1_75' title='bbox 951 1096 1053 1190; x_wconf 77' lang='grc' dir='ltr'><strong><em>αὐτήν</em></strong></span> <span class='ocrx_word' id='word_1_76' title='bbox 1073 1125 1108 1167; x_wconf 83' lang='grc' dir='ltr'>τε</span> <span class='ocrx_word' id='word_1_77' title='bbox 1128 1106 1194 1168; x_wconf 82' lang='grc' dir='ltr'>τῶν</span> <span class='ocrx_word' id='word_1_78' title='bbox 1212 1107 1344 1190; x_wconf 75' lang='grc' dir='ltr'><strong><em>θεωρη-</em></strong></span> 
     </span>
     <span class='ocr_line' id='line_1_9' title="bbox 170 1202 1343 1299; baseline -0.003 -22"><span class='ocrx_word' id='word_1_79' title='bbox 170 1211 283 1296; x_wconf 81' lang='grc' dir='ltr'><strong><em>μάτων</em></strong></span> <span class='ocrx_word' id='word_1_80' title='bbox 296 1210 356 1299; x_wconf 76' lang='grc' dir='ltr'><strong><em>τίην</em></strong></span> <span class='ocrx_word' id='word_1_81' title='bbox 371 1207 588 1275; x_wconf 79' lang='grc' dir='ltr'><strong><em>διδασκαλίαν</em></strong></span> <span class='ocrx_word' id='word_1_82' title='bbox 610 1202 634 1296; x_wconf 74' lang='grc' dir='ltr'><strong><em>ἢ</em></strong></span> <span class='ocrx_word' id='word_1_83' title='bbox 652 1206 783 1289; x_wconf 80' lang='grc' dir='ltr'><strong><em>τελείαν</em></strong></span> <span class='ocrx_word' id='word_1_84' title='bbox 804 1204 967 1297; x_wconf 77' lang='grc' dir='ltr'><strong><em>ὑπάρχειν</em></strong></span> <span class='ocrx_word' id='word_1_85' title='bbox 988 1204 1010 1299; x_wconf 82' lang='grc' dir='ltr'>ἢ</span> <span class='ocrx_word' id='word_1_86' title='bbox 1031 1207 1163 1298; x_wconf 76' lang='grc' dir='ltr'><strong><em>ἐλλιπῆ.</em></strong></span> <span class='ocrx_word' id='word_1_87' title='bbox 1183 1208 1229 1274; x_wconf 82' lang='grc' dir='ltr'>ιὰ</span> <span class='ocrx_word' id='word_1_88' title='bbox 1253 1213 1343 1294; x_wconf 85' lang='grc' dir='ltr'><strong><em>χοῦν</em></strong></span> 
     </span>
     <span class='ocr_line' id='line_1_10' title="bbox 171 1309 1342 1407; baseline -0.002 -22"><span class='ocrx_word' id='word_1_89' title='bbox 171 1324 253 1398; x_wconf 83' lang='grc' dir='ltr'><strong><em>τοῖς</em></strong></span> <span class='ocrx_word' id='word_1_90' title='bbox 281 1313 506 1406; x_wconf 80' lang='grc' dir='ltr'><strong><em>εἰρημένοις</em></strong></span> <span class='ocrx_word' id='word_1_91' title='bbox 531 1314 787 1403; x_wconf 76' lang='grc' dir='ltr'><strong><em>γεγραμμένα</em></strong></span> <span class='ocrx_word' id='word_1_92' title='bbox 813 1313 1016 1406; x_wconf 80' lang='grc' dir='ltr'><strong><em>πρόδηλον</em></strong></span> <span class='ocrx_word' id='word_1_93' title='bbox 1038 1309 1163 1406; x_wconf 82' lang='grc' dir='ltr'><em>δήπου</em></span> <span class='ocrx_word' id='word_1_94' title='bbox 1184 1313 1279 1407; x_wconf 79' lang='grc' dir='ltr'><strong><em>μήτε</em></strong></span> <span class='ocrx_word' id='word_1_95' title='bbox 1298 1315 1342 1383; x_wconf 82' lang='grc' dir='ltr'>τὸ</span> 
     </span>
     <span class='ocr_line' id='line_1_11' title="bbox 171 1422 1343 1512; baseline -0.003 -19"><span class='ocrx_word' id='word_1_96' title='bbox 171 1425 326 1493; x_wconf 79' lang='grc' dir='ltr'><strong><em>τέλειον</em></strong></span> <span class='ocrx_word' id='word_1_97' title='bbox 344 1430 393 1511; x_wconf 71' lang='grc' dir='ltr'>ιη’</span> <span class='ocrx_word' id='word_1_98' title='bbox 398 1450 415 1505; x_wconf 91' lang='grc' dir='ltr'><strong><em>ς</em></strong></span> <span class='ocrx_word' id='word_1_99' title='bbox 435 1424 701 1505; x_wconf 75' lang='grc' dir='ltr'><strong><em>διδασκαλίας</em></strong></span> <span class='ocrx_word' id='word_1_100' title='bbox 722 1423 825 1508; x_wconf 74' lang='grc' dir='ltr'><strong><em>ἔχειν</em></strong></span> <span class='ocrx_word' id='word_1_101' title='bbox 838 1422 939 1512; x_wconf 76' lang='grc' dir='ltr'><strong><em>μήτε</em></strong></span> <span class='ocrx_word' id='word_1_102' title='bbox 959 1423 1001 1492; x_wconf 83' lang='grc' dir='ltr'>τὸ</span> <span class='ocrx_word' id='word_1_103' title='bbox 1016 1422 1343 1512; x_wconf 79' lang='grc' dir='ltr'><strong><em>διηκριβωμένον·</em></strong></span> 
     </span>
     <span class='ocr_line' id='line_1_12' title="bbox 172 1527 1345 1620; baseline -0.007 -18"><span class='ocrx_word' id='word_1_104' title='bbox 172 1530 216 1614; x_wconf 78' lang='grc' dir='ltr'>ὥς</span> <span class='ocrx_word' id='word_1_105' title='bbox 230 1528 272 1600; x_wconf 77' lang='lat' dir='ltr'>ib</span> <span class='ocrx_word' id='word_1_106' title='bbox 286 1532 361 1602; x_wconf 76' lang='lat' dir='ltr'>oiice</span> <span class='ocrx_word' id='word_1_107' title='bbox 376 1531 542 1617; x_wconf 75' lang='grc' dir='ltr'><strong><em>δεομένων</em></strong></span> <span class='ocrx_word' id='word_1_108' title='bbox 556 1529 664 1601; x_wconf 72' lang='grc' dir='ltr'><strong><em>αὐτῶν</em></strong></span> <span class='ocrx_word' id='word_1_109' title='bbox 685 1529 759 1602; x_wconf 69' lang='lat' dir='ltr'>otte</span> <span class='ocrx_word' id='word_1_110' title='bbox 781 1531 971 1616; x_wconf 83' lang='grc' dir='ltr'><strong><em>δυναμένων</em></strong></span> <span class='ocrx_word' id='word_1_111' title='bbox 991 1527 1138 1620; x_wconf 77' lang='grc' dir='ltr'><strong><em>ἀκριβῶς</em></strong></span> <span class='ocrx_word' id='word_1_112' title='bbox 1156 1528 1345 1615; x_wconf 70' lang='grc' dir='ltr'><strong><em>μανθάνειν</em></strong></span> 
     </span>
     <span class='ocr_line' id='line_1_13' title="bbox 172 1636 1343 1728; baseline 0 -20"><span class='ocrx_word' id='word_1_113' title='bbox 172 1640 281 1709; x_wconf 80' lang='grc' dir='ltr'><strong><em>πάντα</em></strong></span> <span class='ocrx_word' id='word_1_114' title='bbox 300 1641 380 1727; x_wconf 79' lang='grc' dir='ltr'><strong><em>πρίν</em></strong></span> <span class='ocrx_word' id='word_1_115' title='bbox 400 1639 468 1723; x_wconf 77' lang='grc' dir='ltr'><strong><em>ἕξιν</em></strong></span> <span class='ocrx_word' id='word_1_116' title='bbox 491 1642 566 1708; x_wconf 85' lang='grc' dir='ltr'><strong><em>τινὰ</em></strong></span> <span class='ocrx_word' id='word_1_117' title='bbox 589 1647 676 1723; x_wconf 88' lang='grc' dir='ltr'><strong><em>σχεῖν</em></strong></span> <span class='ocrx_word' id='word_1_118' title='bbox 694 1640 729 1709; x_wconf 75' lang='grc' dir='ltr'>ἐν</span> <span class='ocrx_word' id='word_1_119' title='bbox 746 1645 818 1720; x_wconf 78' lang='grc' dir='ltr'><strong><em>τοῖς</em></strong></span> <span class='ocrx_word' id='word_1_120' title='bbox 839 1636 1042 1726; x_wconf 76' lang='grc' dir='ltr'><strong><em>ἀναγκαίοις.</em></strong></span> <span class='ocrx_word' id='word_1_121' title='bbox 1081 1641 1120 1708; x_wconf 90' lang='lat' dir='ltr'>In</span> <span class='ocrx_word' id='word_1_122' title='bbox 1142 1642 1262 1707; x_wconf 81' lang='lat' dir='ltr'>caussis</span> <span class='ocrx_word' id='word_1_123' title='bbox 1283 1664 1343 1728; x_wconf 90' lang='lat' dir='ltr'>po-</span> 
     </span>
     <span class='ocr_line' id='line_1_14' title="bbox 172 1750 1344 1837; baseline -0.004 -18"><span class='ocrx_word' id='word_1_124' title='bbox 172 1757 256 1819; x_wconf 86' lang='lat' dir='ltr'>terat</span> <span class='ocrx_word' id='word_1_125' title='bbox 269 1752 386 1818; x_wconf 86' lang='lat' dir='ltr'>addere</span> <span class='ocrx_word' id='word_1_126' title='bbox 408 1754 617 1837; x_wconf 89' lang='lat' dir='ltr'>(quamquam</span> <span class='ocrx_word' id='word_1_127' title='bbox 631 1752 716 1817; x_wconf 90' lang='lat' dir='ltr'>inest</span> <span class='ocrx_word' id='word_1_128' title='bbox 736 1752 770 1816; x_wconf 89' lang='lat' dir='ltr'>in</span> <span class='ocrx_word' id='word_1_129' title='bbox 787 1751 1065 1833; x_wconf 79' lang='lat' dir='ltr'>antecedentibus)</span> <span class='ocrx_word' id='word_1_130' title='bbox 1088 1750 1176 1835; x_wconf 91' lang='lat' dir='ltr'>quod</span> <span class='ocrx_word' id='word_1_131' title='bbox 1190 1751 1344 1815; x_wconf 87' lang='lat' dir='ltr'>scribenti</span> 
     </span>
     <span class='ocr_line' id='line_1_15' title="bbox 173 1858 1343 1944; baseline -0.003 -19"><span class='ocrx_word' id='word_1_132' title='bbox 173 1883 231 1925; x_wconf 89' lang='lat' dir='ltr'>nec</span> <span class='ocrx_word' id='word_1_133' title='bbox 243 1882 380 1925; x_wconf 78' lang='lat' dir='ltr'>vacuum</span> <span class='ocrx_word' id='word_1_134' title='bbox 394 1882 454 1925; x_wconf 91' lang='lat' dir='ltr'>nec</span> <span class='ocrx_word' id='word_1_135' title='bbox 475 1860 680 1924; x_wconf 91' lang='lat' dir='ltr'>commodum</span> <span class='ocrx_word' id='word_1_136' title='bbox 701 1863 763 1940; x_wconf 85' lang='lat' dir='ltr'>est,</span> <span class='ocrx_word' id='word_1_137' title='bbox 791 1880 873 1944; x_wconf 90' lang='lat' dir='ltr'>quae</span> <span class='ocrx_word' id='word_1_138' title='bbox 895 1858 1026 1943; x_wconf 83' lang='lat' dir='ltr'>privatis</span> <span class='ocrx_word' id='word_1_139' title='bbox 1047 1858 1224 1943; x_wconf 86' lang='lat' dir='ltr'>parietibus</span> <span class='ocrx_word' id='word_1_140' title='bbox 1246 1858 1343 1922; x_wconf 90' lang='lat' dir='ltr'>desti-</span> 
     </span>
     <span class='ocr_line' id='line_1_16' title="bbox 172 1963 1344 2051; baseline -0.003 -19"><span class='ocrx_word' id='word_1_141' title='bbox 172 1971 248 2032; x_wconf 82' lang='lat' dir='ltr'>nata</span> <span class='ocrx_word' id='word_1_142' title='bbox 261 1971 339 2031; x_wconf 90' lang='lat' dir='ltr'>sunt</span> <span class='ocrx_word' id='word_1_143' title='bbox 359 1989 484 2031; x_wconf 89' lang='lat' dir='ltr'>summa</span> <span class='ocrx_word' id='word_1_144' title='bbox 499 1966 667 2051; x_wconf 88' lang='lat' dir='ltr'>diligentia</span> <span class='ocrx_word' id='word_1_145' title='bbox 688 1966 863 2032; x_wconf 89' lang='lat' dir='ltr'>elaborare.</span> <span class='ocrx_word' id='word_1_146' title='bbox 901 1964 965 2029; x_wconf 86' lang='lat' dir='ltr'>Sed</span> <span class='ocrx_word' id='word_1_147' title='bbox 987 1965 1042 2049; x_wconf 88' lang='lat' dir='ltr'>qui</span> <span class='ocrx_word' id='word_1_148' title='bbox 1065 1963 1237 2050; x_wconf 87' lang='lat' dir='ltr'>diligenter</span> <span class='ocrx_word' id='word_1_149' title='bbox 1256 1985 1344 2028; x_wconf 92' lang='lat' dir='ltr'>com·</span> 
     </span>
     <span class='ocr_line' id='line_1_17' title="bbox 173 2064 1344 2158; baseline -0.003 -19"><span class='ocrx_word' id='word_1_150' title='bbox 173 2074 403 2139; x_wconf 80' lang='lat' dir='ltr'>menteriorum</span> <span class='ocrx_word' id='word_1_151' title='bbox 419 2073 576 2139; x_wconf 90' lang='lat' dir='ltr'>elaborati</span> <span class='ocrx_word' id='word_1_152' title='bbox 598 2079 706 2140; x_wconf 90' lang='lat' dir='ltr'>essent</span> <span class='ocrx_word' id='word_1_153' title='bbox 728 2071 781 2156; x_wconf 86' lang='grc' dir='ltr'>(τὰ</span> <span class='ocrx_word' id='word_1_154' title='bbox 804 2065 1015 2156; x_wconf 78' lang='grc' dir='ltr'><strong><em>ἠκριβωμένα</em></strong></span> <span class='ocrx_word' id='word_1_155' title='bbox 1034 2064 1272 2158; x_wconf 77' lang='grc' dir='ltr'><strong><em>ὑπομνήματα)</em></strong></span> <span class='ocrx_word' id='word_1_156' title='bbox 1293 2071 1344 2136; x_wconf 87' lang='lat' dir='ltr'>his</span> 
     </span>
     <span class='ocr_line' id='line_1_18' title="bbox 173 2176 1344 2267; baseline -0.004 -21"><span class='ocrx_word' id='word_1_157' title='bbox 173 2204 264 2247; x_wconf 87' lang='lat' dir='ltr'>suam</span> <span class='ocrx_word' id='word_1_158' title='bbox 290 2181 518 2248; x_wconf 78' lang='lat' dir='ltr'>auctorItatem</span> <span class='ocrx_word' id='word_1_159' title='bbox 542 2182 701 2267; x_wconf 84' lang='lat' dir='ltr'>Didymus</span> <span class='ocrx_word' id='word_1_160' title='bbox 733 2203 800 2246; x_wconf 92' lang='lat' dir='ltr'>non</span> <span class='ocrx_word' id='word_1_161' title='bbox 826 2180 969 2264; x_wconf 89' lang='lat' dir='ltr'>derogat.</span> <span class='ocrx_word' id='word_1_162' title='bbox 1014 2179 1109 2256; x_wconf 85' lang='lat' dir='ltr'>Quod</span> <span class='ocrx_word' id='word_1_163' title='bbox 1134 2177 1219 2263; x_wconf 90' lang='lat' dir='ltr'>apud</span> <span class='ocrx_word' id='word_1_164' title='bbox 1245 2176 1344 2242; x_wconf 77' lang='lat' dir='ltr'>schot</span> 
     </span>
     <span class='ocr_line' id='line_1_19' title="bbox 171 2278 1345 2375; baseline -0.004 -21"><span class='ocrx_word' id='word_1_165' title='bbox 171 2288 337 2374; x_wconf 78' lang='lat' dir='ltr'>Aristopb.</span> <span class='ocrx_word' id='word_1_166' title='bbox 364 2287 449 2356; x_wconf 89' lang='lat' dir='ltr'>Plut.</span> <span class='ocrx_word' id='word_1_167' title='bbox 475 2294 534 2357; x_wconf 83' lang='lat'>385</span> <span class='ocrx_word' id='word_1_168' title='bbox 556 2289 695 2375; x_wconf 87' lang='lat' dir='ltr'>legimus</span> <span class='ocrx_word' id='word_1_169' title='bbox 715 2285 757 2352; x_wconf 80' lang='grc' dir='ltr'>τά</span> <span class='ocrx_word' id='word_1_170' title='bbox 786 2281 864 2351; x_wconf 90' lang='grc' dir='ltr'><strong><em>λίαν</em></strong></span> <span class='ocrx_word' id='word_1_171' title='bbox 892 2280 1168 2370; x_wconf 80' lang='grc' dir='ltr'><strong><em>ἒπιτετηδεομένα</em></strong></span> <span class='ocrx_word' id='word_1_172' title='bbox 1194 2278 1345 2371; x_wconf 75' lang='grc' dir='ltr'><strong><em>ὑπομνή-</em></strong></span> 
     </span>
     <span class='ocr_line' id='line_1_20' title="bbox 171 2393 1343 2481; baseline -0.002 -22"><span class='ocrx_word' id='word_1_173' title='bbox 171 2419 260 2474; x_wconf 78' lang='grc' dir='ltr'><strong><em>ματα</em></strong></span> <span class='ocrx_word' id='word_1_174' title='bbox 287 2396 470 2481; x_wconf 82' lang='lat' dir='ltr'>(antiquum</span> <span class='ocrx_word' id='word_1_175' title='bbox 497 2395 643 2461; x_wconf 85' lang='lat' dir='ltr'>scholion</span> <span class='ocrx_word' id='word_1_176' title='bbox 665 2400 728 2475; x_wconf 85' lang='lat' dir='ltr'>est,</span> <span class='ocrx_word' id='word_1_177' title='bbox 756 2394 893 2460; x_wconf 87' lang='lat' dir='ltr'>fortasse</span> <span class='ocrx_word' id='word_1_178' title='bbox 918 2395 1020 2478; x_wconf 89' lang='lat' dir='ltr'>ipsius</span> <span class='ocrx_word' id='word_1_179' title='bbox 1041 2393 1183 2478; x_wconf 89' lang='lat' dir='ltr'>Didymi)</span> <span class='ocrx_word' id='word_1_180' title='bbox 1210 2394 1343 2459; x_wconf 87' lang='lat' dir='ltr'>eandem</span> 
     </span>
     <span class='ocr_line' id='line_1_21' title="bbox 172 2500 1344 2589; baseline -0.003 -20"><span class='ocrx_word' id='word_1_181' title='bbox 172 2504 352 2589; x_wconf 83' lang='lat' dir='ltr'>putaverim</span> <span class='ocrx_word' id='word_1_182' title='bbox 365 2502 577 2569; x_wconf 86' lang='lat' dir='ltr'>differentiam</span> <span class='ocrx_word' id='word_1_183' title='bbox 591 2503 770 2569; x_wconf 84' lang='lat' dir='ltr'>accuratius</span> <span class='ocrx_word' id='word_1_184' title='bbox 783 2503 868 2567; x_wconf 89' lang='lat' dir='ltr'>inter</span> <span class='ocrx_word' id='word_1_185' title='bbox 883 2500 1065 2566; x_wconf 86' lang='lat' dir='ltr'>elaboratos</span> <span class='ocrx_word' id='word_1_186' title='bbox 1081 2503 1113 2565; x_wconf 89' lang='lat' dir='ltr'>et</span> <span class='ocrx_word' id='word_1_187' title='bbox 1127 2501 1344 2586; x_wconf 80' lang='lat' dir='ltr'>perfunctorie</span> 
     </span>
     <span class='ocr_line' id='line_1_22' title="bbox 174 2608 1344 2694; baseline 0.002 -18"><span class='ocrx_word' id='word_1_188' title='bbox 174 2615 319 2676; x_wconf 81' lang='lat' dir='ltr'>exaratos</span> <span class='ocrx_word' id='word_1_189' title='bbox 339 2611 621 2694; x_wconf 85' lang='lat' dir='ltr'>grammaticorum</span> <span class='ocrx_word' id='word_1_190' title='bbox 640 2609 886 2676; x_wconf 87' lang='lat' dir='ltr'>commentarios</span> <span class='ocrx_word' id='word_1_191' title='bbox 907 2608 1073 2692; x_wconf 86' lang='lat' dir='ltr'>respicere.</span> <span class='ocrx_word' id='word_1_192' title='bbox 1111 2608 1215 2675; x_wconf 88' lang='lat' dir='ltr'>Schol</span> <span class='ocrx_word' id='word_1_193' title='bbox 1235 2612 1344 2678; x_wconf 67' lang='lat'><strong>{1130</strong></span> 
     </span>
     <span class='ocr_line' id='line_1_23' title="bbox 174 2708 1346 2804; baseline -0.003 -22"><span class='ocrx_word' id='word_1_194' title='bbox 174 2713 277 2804; x_wconf 83' lang='grc' dir='ltr'><strong><em>φίλας</em></strong></span> <span class='ocrx_word' id='word_1_195' title='bbox 298 2710 363 2781; x_wconf 78' lang='grc' dir='ltr'>ἀνά</span> <span class='ocrx_word' id='word_1_196' title='bbox 389 2720 515 2800; x_wconf 72' lang='grc' dir='ltr'><strong><em>χεῖραςι</em></strong></span> <span class='ocrx_word' id='word_1_197' title='bbox 539 2713 574 2782; x_wconf 79' lang='grc' dir='ltr'>ἐν</span> <span class='ocrx_word' id='word_1_198' title='bbox 603 2719 676 2794; x_wconf 81' lang='grc' dir='ltr'><strong><em>ταῖς</em></strong></span> <span class='ocrx_word' id='word_1_199' title='bbox 699 2712 934 2802; x_wconf 78' lang='grc' dir='ltr'><strong><em>ἑξητασμὲναις</em></strong></span> <span class='ocrx_word' id='word_1_200' title='bbox 961 2708 1176 2800; x_wconf 81' lang='grc' dir='ltr'><strong><em>Ἀριστάρχου</em></strong></span> <span class='ocrx_word' id='word_1_201' title='bbox 1207 2710 1346 2797; x_wconf 83' lang='grc' dir='ltr'><strong><em>βαρείας</em></strong></span> 
     </span>
     <span class='ocr_line' id='line_1_24' title="bbox 171 2818 1390 2912; baseline -0.002 -22"><span class='ocrx_word' id='word_1_202' title='bbox 171 2829 290 2909; x_wconf 84' lang='grc' dir='ltr'><strong><em>χεῖρας.</em></strong></span> <span class='ocrx_word' id='word_1_203' title='bbox 335 2824 370 2891; x_wconf 85' lang='lat' dir='ltr'>Si</span> <span class='ocrx_word' id='word_1_204' title='bbox 397 2826 623 2912; x_wconf 87' lang='lat' dir='ltr'>corrigendum</span> <span class='ocrx_word' id='word_1_205' title='bbox 645 2827 694 2890; x_wconf 88' lang='lat' dir='ltr'>est</span> <span class='ocrx_word' id='word_1_206' title='bbox 715 2819 750 2887; x_wconf 79' lang='grc' dir='ltr'>ἒν</span> <span class='ocrx_word' id='word_1_207' title='bbox 771 2824 842 2900; x_wconf 83' lang='grc' dir='ltr'><strong><em>τοῖς</em></strong></span> <span class='ocrx_word' id='word_1_208' title='bbox 863 2818 1094 2909; x_wconf 77' lang='grc' dir='ltr'><strong><em>ἐξιμασμένοις</em></strong></span> <span class='ocrx_word' id='word_1_209' title='bbox 1115 2825 1244 2889; x_wconf 90' lang='lat' dir='ltr'>eosdem</span> <span class='ocrx_word' id='word_1_210' title='bbox 1266 2823 1346 2888; x_wconf 88' lang='lat' dir='ltr'>dixit</span> <span class='ocrx_word' id='word_1_211' title='bbox 1358 2834 1390 2887; x_wconf 79' lang='lat'>23</span> 
     </span>
     <span class='ocr_line' id='line_1_25' title="bbox 173 2926 1346 3019; baseline -0.003 -21"><span class='ocrx_word' id='word_1_212' title='bbox 173 2933 428 3011; x_wconf 81' lang='lat' dir='ltr'>commentarios,</span> <span class='ocrx_word' id='word_1_213' title='bbox 444 2955 526 3018; x_wconf 91' lang='lat' dir='ltr'>quos</span> <span class='ocrx_word' id='word_1_214' title='bbox 540 2933 594 2998; x_wconf 88' lang='lat' dir='ltr'>hic</span> <span class='ocrx_word' id='word_1_215' title='bbox 609 2926 869 3019; x_wconf 75' lang='grc' dir='ltr'><strong><em>ἠκριβωμένοοςτ</em></strong></span> <span class='ocrx_word' id='word_1_216' title='bbox 890 2931 940 2995; x_wconf 91' lang='lat' dir='ltr'>sin</span> <span class='ocrx_word' id='word_1_217' title='bbox 954 2934 1040 2995; x_wconf 88' lang='lat' dir='ltr'>recte</span> <span class='ocrx_word' id='word_1_218' title='bbox 1054 2930 1209 3014; x_wconf 88' lang='lat' dir='ltr'>scriptum</span> <span class='ocrx_word' id='word_1_219' title='bbox 1225 2927 1259 2994; x_wconf 80' lang='grc' dir='ltr'>ἐν</span> <span class='ocrx_word' id='word_1_220' title='bbox 1272 2934 1346 3008; x_wconf 85' lang='grc' dir='ltr'><strong><em>ταῖς</em></strong></span> 
     </span>
     <span class='ocr_line' id='line_1_26' title="bbox 174 3035 1344 3126; baseline 0 -22"><span class='ocrx_word' id='word_1_221' title='bbox 174 3035 410 3126; x_wconf 78' lang='grc' dir='ltr'><strong><em>ἑξητσσμέναις</em></strong></span> <span class='ocrx_word' id='word_1_222' title='bbox 434 3039 574 3126; x_wconf 79' lang='lat' dir='ltr'>intelligi</span> <span class='ocrx_word' id='word_1_223' title='bbox 599 3040 671 3106; x_wconf 84' lang='lat' dir='ltr'>vult</span> <span class='ocrx_word' id='word_1_224' title='bbox 695 3040 845 3105; x_wconf 88' lang='lat' dir='ltr'>editionis</span> <span class='ocrx_word' id='word_1_225' title='bbox 868 3037 1090 3104; x_wconf 85' lang='lat' dir='ltr'>Aristarcheae</span> <span class='ocrx_word' id='word_1_226' title='bbox 1112 3038 1305 3123; x_wconf 81' lang='lat' dir='ltr'>exemplaria</span> <span class='ocrx_word' id='word_1_227' title='bbox 1324 3063 1344 3104; x_wconf 89' lang='lat' dir='ltr'>a</span> 
     </span>
     <span class='ocr_line' id='line_1_27' title="bbox 175 3147 1131 3234; baseline -0.004 -21"><span class='ocrx_word' id='word_1_228' title='bbox 175 3148 436 3234; x_wconf 75' lang='lat' dir='ltr'>diligentioribus</span> <span class='ocrx_word' id='word_1_229' title='bbox 455 3147 594 3214; x_wconf 89' lang='lat' dir='ltr'>librariis</span> <span class='ocrx_word' id='word_1_230' title='bbox 616 3147 775 3231; x_wconf 86' lang='lat' dir='ltr'>descripta</span> <span class='ocrx_word' id='word_1_231' title='bbox 797 3151 830 3211; x_wconf 91' lang='lat' dir='ltr'>et</span> <span class='ocrx_word' id='word_1_232' title='bbox 851 3148 934 3212; x_wconf 89' lang='lat' dir='ltr'>bene</span> <span class='ocrx_word' id='word_1_233' title='bbox 957 3149 1100 3212; x_wconf 88' lang='lat' dir='ltr'>correcta</span> <span class='ocrx_word' id='word_1_234' title='bbox 1109 3148 1131 3209; x_wconf 73' lang='lat'>⁶.</span> 
     </span>
    </p>
   </div>
   <div class='ocr_carea' id='block_1_3' title="bbox 174 3343 1410 4077">
    <p class='ocr_par' dir='ltr' id='par_1_3' title="bbox 174 3343 1410 4077">
     <span class='ocr_line' id='line_1_28' title="bbox 255 3343 1344 3432; baseline -0.002 -19"><span class='ocrx_word' id='word_1_235' title='bbox 255 3349 275 3432; x_wconf 58' lang='grc' dir='ltr'>ὅ</span> <span class='ocrx_word' id='word_1_236' title='bbox 298 3357 326 3414; x_wconf 87' lang='grc'>5.</span> <span class='ocrx_word' id='word_1_237' title='bbox 367 3346 464 3412; x_wconf 88' lang='lat' dir='ltr'>Hunc</span> <span class='ocrx_word' id='word_1_238' title='bbox 488 3346 663 3432; x_wconf 89' lang='lat' dir='ltr'>Didymum</span> <span class='ocrx_word' id='word_1_239' title='bbox 692 3346 825 3429; x_wconf 87' lang='lat' dir='ltr'>eiusque</span> <span class='ocrx_word' id='word_1_240' title='bbox 850 3345 885 3409; x_wconf 92' lang='lat' dir='ltr'>in</span> <span class='ocrx_word' id='word_1_241' title='bbox 911 3343 1125 3409; x_wconf 71' lang='lat' dir='ltr'>Amstarcheis</span> <span class='ocrx_word' id='word_1_242' title='bbox 1150 3343 1344 3411; x_wconf 90' lang='lat' dir='ltr'>lectionibus</span> 
     </span>
     <span class='ocr_line' id='line_1_29' title="bbox 176 3449 1410 3541; baseline -0.004 -21"><span class='ocrx_word' id='word_1_243' title='bbox 176 3455 380 3541; x_wconf 87' lang='lat' dir='ltr'>exquirendis</span> <span class='ocrx_word' id='word_1_244' title='bbox 394 3456 533 3539; x_wconf 86' lang='lat' dir='ltr'>positam</span> <span class='ocrx_word' id='word_1_245' title='bbox 548 3476 678 3539; x_wconf 89' lang='lat' dir='ltr'>operam</span> <span class='ocrx_word' id='word_1_246' title='bbox 692 3452 832 3518; x_wconf 90' lang='lat' dir='ltr'>Wolfius</span> <span class='ocrx_word' id='word_1_247' title='bbox 847 3453 875 3516; x_wconf 91' lang='lat' dir='ltr'>si</span> <span class='ocrx_word' id='word_1_248' title='bbox 895 3452 1100 3538; x_wconf 81' lang='lat' dir='ltr'>cognovisset</span> <span class='ocrx_word' id='word_1_249' title='bbox 1113 3449 1237 3529; x_wconf 85' lang='lat' dir='ltr'>melius,</span> <span class='ocrx_word' id='word_1_250' title='bbox 1257 3451 1344 3517; x_wconf 89' lang='lat' dir='ltr'>hunc</span> <span class='ocrx_word' id='word_1_251' title='bbox 1356 3462 1410 3532; x_wconf 76' lang='grc' dir='ltr'>(ιτ)</span> 
     </span>
     <span class='ocr_line' id='line_1_30' title="bbox 176 3557 1345 3648; baseline -0.005 -21"><span class='ocrx_word' id='word_1_252' title='bbox 176 3563 203 3627; x_wconf 90' lang='lat' dir='ltr'>si</span> <span class='ocrx_word' id='word_1_253' title='bbox 229 3563 389 3628; x_wconf 90' lang='lat' dir='ltr'>tenuisset</span> <span class='ocrx_word' id='word_1_254' title='bbox 409 3562 584 3648; x_wconf 91' lang='lat' dir='ltr'>Didymum</span> <span class='ocrx_word' id='word_1_255' title='bbox 606 3583 692 3640; x_wconf 81' lang='lat' dir='ltr'>esse,</span> <span class='ocrx_word' id='word_1_256' title='bbox 722 3561 777 3645; x_wconf 89' lang='lat' dir='ltr'>qui</span> <span class='ocrx_word' id='word_1_257' title='bbox 799 3581 857 3644; x_wconf 84' lang='lat' dir='ltr'>per</span> <span class='ocrx_word' id='word_1_258' title='bbox 877 3563 947 3624; x_wconf 88' lang='lat' dir='ltr'>tota</span> <span class='ocrx_word' id='word_1_259' title='bbox 968 3557 1091 3623; x_wconf 88' lang='lat' dir='ltr'>scholia</span> <span class='ocrx_word' id='word_1_260' title='bbox 1112 3557 1249 3642; x_wconf 89' lang='lat' dir='ltr'>duplicis</span> <span class='ocrx_word' id='word_1_261' title='bbox 1269 3558 1345 3623; x_wconf 88' lang='lat' dir='ltr'>Ari·</span> 
     </span>
     <span class='ocr_line' id='line_1_31' title="bbox 177 3663 1346 3752; baseline -0.002 -19"><span class='ocrx_word' id='word_1_262' title='bbox 177 3670 340 3736; x_wconf 82' lang='lat' dir='ltr'>starcheae</span> <span class='ocrx_word' id='word_1_263' title='bbox 368 3669 518 3734; x_wconf 89' lang='lat' dir='ltr'>editionis</span> <span class='ocrx_word' id='word_1_264' title='bbox 548 3668 704 3733; x_wconf 89' lang='lat' dir='ltr'>lectiones</span> <span class='ocrx_word' id='word_1_265' title='bbox 738 3667 886 3752; x_wconf 82' lang='lat' dir='ltr'>apponit,</span> <span class='ocrx_word' id='word_1_266' title='bbox 917 3688 1082 3751; x_wconf 76' lang='lat' dir='ltr'>nunquam</span> <span class='ocrx_word' id='word_1_267' title='bbox 1109 3663 1165 3730; x_wconf 89' lang='lat' dir='ltr'>ille</span> <span class='ocrx_word' id='word_1_268' title='bbox 1194 3670 1346 3751; x_wconf 81' lang='lat' dir='ltr'>negasset</span> 
     </span>
     <span class='ocr_line' id='line_1_32' title="bbox 178 3771 1345 3862; baseline -0.003 -22"><span class='ocrx_word' id='word_1_269' title='bbox 178 3776 337 3862; x_wconf 88' lang='lat' dir='ltr'>duplicem</span> <span class='ocrx_word' id='word_1_270' title='bbox 358 3776 536 3842; x_wconf 81' lang='lat' dir='ltr'>Aristarchi</span> <span class='ocrx_word' id='word_1_271' title='bbox 563 3776 739 3841; x_wconf 88' lang='lat' dir='ltr'>editionem</span> <span class='ocrx_word' id='word_1_272' title='bbox 759 3774 858 3839; x_wconf 75' lang='lat' dir='ltr'>brisso</span> <span class='ocrx_word' id='word_1_273' title='bbox 881 3776 922 3858; x_wconf 91' lang='lat' dir='ltr'>(p.</span> <span class='ocrx_word' id='word_1_274' title='bbox 945 3771 1164 3855; x_wconf 75' lang='lat' dir='ltr'>ccxxxvii).</span> <span class='ocrx_word' id='word_1_275' title='bbox 1201 3773 1246 3836; x_wconf 87' lang='lat' dir='ltr'>At</span> <span class='ocrx_word' id='word_1_276' title='bbox 1266 3773 1345 3838; x_wconf 84' lang='lat' dir='ltr'>Am·</span> 
     </span>
     <span class='ocr_line' id='line_1_33' title="bbox 177 3872 1343 3965; baseline -0.005 -16"><span class='ocrx_word' id='word_1_277' title='bbox 177 3885 312 3965; x_wconf 86' lang='lat' dir='ltr'>monins,</span> <span class='ocrx_word' id='word_1_278' title='bbox 333 3883 512 3949; x_wconf 85' lang='lat' dir='ltr'>Aristarchi</span> <span class='ocrx_word' id='word_1_279' title='bbox 533 3883 661 3949; x_wconf 86' lang='lat' dir='ltr'>auditor</span> <span class='ocrx_word' id='word_1_280' title='bbox 678 3886 711 3946; x_wconf 88' lang='lat' dir='ltr'>et</span> <span class='ocrx_word' id='word_1_281' title='bbox 730 3883 764 3946; x_wconf 92' lang='lat' dir='ltr'>in</span> <span class='ocrx_word' id='word_1_282' title='bbox 787 3881 898 3946; x_wconf 91' lang='lat' dir='ltr'>schola</span> <span class='ocrx_word' id='word_1_283' title='bbox 919 3902 1083 3945; x_wconf 89' lang='lat' dir='ltr'>successor</span> <span class='ocrx_word' id='word_1_284' title='bbox 1104 3872 1304 3962; x_wconf 75' lang='grc' dir='ltr'><strong><em>(Ἀμμώνιος</em></strong></span> <span class='ocrx_word' id='word_1_285' title='bbox 1325 3873 1343 3943; x_wconf 84' lang='grc' dir='ltr'>ὁ</span> 
     </span>
     <span class='ocr_line' id='line_1_34' title="bbox 174 3982 1344 4077; baseline -0.001 -24"><span class='ocrx_word' id='word_1_286' title='bbox 174 3983 430 4075; x_wconf 77' lang='grc' dir='ltr'><strong><em>Ἀριστάρχεισς,</em></strong></span> <span class='ocrx_word' id='word_1_287' title='bbox 451 3985 720 4071; x_wconf 84' lang='grc' dir='ltr'><strong><em>ὁδιαδεξάμενος</em></strong></span> <span class='ocrx_word' id='word_1_288' title='bbox 739 3986 798 4076; x_wconf 78' lang='grc' dir='ltr'>τὴν</span> <span class='ocrx_word' id='word_1_289' title='bbox 812 3982 935 4077; x_wconf 82' lang='grc' dir='ltr'><strong><em>σχολήν</em></strong></span> <span class='ocrx_word' id='word_1_290' title='bbox 958 3991 991 4051; x_wconf 87' lang='grc' dir='ltr'><em>Κ</em></span> <span class='ocrx_word' id='word_1_291' title='bbox 1004 3992 1085 4072; x_wconf 80' lang='grc'>397),</span> <span class='ocrx_word' id='word_1_292' title='bbox 1107 3988 1224 4052; x_wconf 88' lang='lat' dir='ltr'>librum</span> <span class='ocrx_word' id='word_1_293' title='bbox 1245 3989 1344 4073; x_wconf 89' lang='lat' dir='ltr'>scrip-</span> 
     </span>
    </p>
   </div>
   <div class='ocr_carea' id='block_1_4' title="bbox 177 4250 1346 4397">
    <p class='ocr_par' dir='ltr' id='par_1_4' title="bbox 177 4250 1346 4397">
     <span class='ocr_line' id='line_1_35' title="bbox 242 4250 1346 4328; baseline -0.004 -18"><span class='ocrx_word' id='word_1_294' title='bbox 242 4257 298 4310; x_wconf 77' lang='lat' dir='ltr'>⁶A</span> <span class='ocrx_word' id='word_1_295' title='bbox 315 4258 481 4328; x_wconf 73' lang='grc' dir='ltr'><strong><em>δισρθωτῇε</em></strong></span> <span class='ocrx_word' id='word_1_296' title='bbox 499 4254 534 4309; x_wconf 84' lang='grc' dir='ltr'>δε</span> <span class='ocrx_word' id='word_1_297' title='bbox 546 4271 602 4324; x_wconf 90' lang='lat' dir='ltr'>quo</span> <span class='ocrx_word' id='word_1_298' title='bbox 613 4252 684 4307; x_wconf 84' lang='lat' dir='ltr'>mihi</span> <span class='ocrx_word' id='word_1_299' title='bbox 695 4251 751 4307; x_wconf 89' lang='lat' dir='ltr'>alio</span> <span class='ocrx_word' id='word_1_300' title='bbox 769 4251 993 4307; x_wconf 65' lang='lat' dir='ltr'>dnwmafionum</span> <span class='ocrx_word' id='word_1_301' title='bbox 1007 4250 1158 4307; x_wconf 84' lang='lat' dir='ltr'>Aristarch.</span> <span class='ocrx_word' id='word_1_302' title='bbox 1176 4251 1237 4306; x_wconf 86' lang='lat' dir='ltr'>loco</span> <span class='ocrx_word' id='word_1_303' title='bbox 1255 4250 1346 4306; x_wconf 88' lang='lat' dir='ltr'>dicen·</span> 
     </span>
     <span class='ocr_line' id='line_1_36' title="bbox 177 4341 309 4397; baseline 0.015 -2"><span class='ocrx_word' id='word_1_304' title='bbox 177 4341 243 4396; x_wconf 89' lang='lat' dir='ltr'>dum</span> <span class='ocrx_word' id='word_1_305' title='bbox 260 4345 309 4397; x_wconf 83' lang='lat' dir='ltr'>est</span> 
     </span>
    </p>
   </div>
   <div class='ocr_carea' id='block_1_5' title="bbox 0 0 1732 4934">
    <p class='ocr_par' dir='ltr' id='par_1_5' title="bbox 0 0 1732 4934">
     <span class='ocr_line' id='line_1_37' title="bbox 0 0 1732 4934; baseline 0 0"><span class='ocrx_word' id='word_1_306' title='bbox 0 0 1732 4934; x_wconf 95' lang='lat' dir='ltr'> </span> 
     </span>
    </p>
   </div>
  </div>
 </body>
</html>
