3425 4934
704 306 727 358 ³·
750 307 826 372 νεῖν·
1291 312 1348 373 113

181 468 293 534 thde
315 469 382 534 und
395 467 495 534 Beine
516 467 705 536 festhalten:
725 469 761 535 Il.
777 470 851 536 XIX
869 477 937 538 164.
956 476 1022 538 169.
1042 473 1111 540 385.
1142 468 1246 554 <XXII
1261 472 1348 555 448.)

181 575 238 640 Od.
259 574 368 642 XVIII
390 581 437 644 88.
457 582 528 644 212.
570 575 686 662 Genug
709 578 760 645 die
781 578 922 658 Glieder,
951 576 986 642 in
1015 600 1051 643 so
1072 578 1148 643 weit
1168 577 1235 642 und
1256 578 1290 641 in
1312 600 1348 643 so

178 681 248 748 feru
278 684 325 748 sie
358 683 427 749 sich
459 683 614 772 bewegen
643 686 709 751 und
739 685 882 752 Gelenlre
910 686 978 751 und
1007 684 1205 770 Spannkraft
1233 684 1349 763 haben,

178 788 305 856 werden
333 790 433 857 durch
460 792 516 856 das
537 789 635 859 Wort
659 793 862 872 bezeichnet3
893 817 929 860 so
958 794 1030 859 dass
1056 816 1090 858 es
1119 792 1203 857 denn
1223 791 1348 857 freilieh

178 895 214 963 ll.
235 895 341 963 XXIII
361 905 423 968 689
454 902 534 965 statt
560 892 733 967 πάντοθεν
758 896 796 965 ἐν
821 895 950 984 μελέων
975 900 1066 966 nieht
1091 894 1191 984 γυίων
1219 899 1348 964 heissen

177 1005 299 1070 lrbnnte
318 1004 386 1070 uud
405 1008 487 1074 eben
507 1029 543 1073 so
565 1009 673 1096 weuig
692 1013 793 1075 uuten
814 1015 904 1078 393.“
938 1008 1001 1074 Hic
1022 1009 1161 1094 primum
1182 1006 1237 1072 ille
1258 1007 1348 1072 locus

178 1112 234 1196 qui
266 1118 317 1178 est
342 1113 401 1180 Od.
428 1113 536 1180 XVIII
565 1121 625 1183 212
661 1117 730 1183 solo
768 1140 875 1184 errore
910 1117 1089 1202 adscriptus
1121 1121 1183 1181 est:
1219 1118 1285 1179 τῶν
1313 1108 1345 1179 d'

178 1211 279 1284 αὐτοῦ
295 1213 375 1286 λύτο
390 1213 531 1306 γούνατ’,
552 1215 616 1309 ἔρῳ
632 1217 666 1288 d’
683 1217 748 1308 άρα
767 1223 879 1308 θωμὸν
897 1218 1075 1305 ἕθελχθενε
1096 1225 1151 1311 qni
1167 1228 1216 1290 est
1230 1224 1347 1309 potius,

180 1332 214 1392 ut
234 1328 336 1407 vides,
362 1351 401 1394 ex
421 1328 503 1409 illis,
536 1330 654 1415 quibus
682 1333 853 1400 edocemur
880 1336 956 1417 μυῖα
984 1325 1127 1397 λύεσθαι
1150 1336 1183 1398 et
1204 1323 1347 1415 γούνατα

178 1427 323 1501 λύεσθαι
347 1439 468 1522 puriter
493 1438 579 1523 apud
604 1443 734 1526 poetam
762 1442 832 1508 diei.
880 1441 943 1510 Sed
969 1441 1024 1507 ille
1050 1445 1158 1507 tamen
1183 1440 1347 1524 proximus

178 1541 236 1610 Od.
257 1542 366 1611 XVIII
387 1550 427 1614 88
453 1569 511 1631 per
536 1568 571 1613 se
596 1547 665 1634 ipse
694 1548 790 1615 docet
811 1570 918 1637 genua
944 1572 1002 1635 per
1023 1550 1099 1633 γυῖα
1119 1547 1267 1614 indicari:
1302 1536 1348 1622 ιύς

178 1643 282 1735 φάτο,
306 1654 354 1737 τῷ
381 1645 412 1716 d'
442 1646 492 1718 ἔτι
516 1652 644 1735 μᾶλλον
668 1649 743 1721 ὑπὸ
769 1649 893 1741 τρόμος
917 1650 1039 1741 ἔλλαβε
1060 1659 1144 1740 μυῖα.
1186 1655 1288 1721 Porro
1309 1653 1345 1719 Π.

176 1753 250 1822 XIX
276 1763 336 1826 385
362 1762 438 1843 γυῖα
470 1762 620 1827 dicuntur
648 1758 772 1848 τρέχειν
797 1770 830 1831 et
857 1769 1013 1850 tanquam
1038 1765 1108 1831 alae
1135 1763 1275 1847 aliquem
1301 1763 1347 1828 le·

177 1886 259 1931 vare.
298 1865 414 1934 Restat
439 1869 596 1956 igiturne
617 1868 655 1938 Il.
681 1870 755 1937 XIX
779 1880 955 1943 ior-169:
982 1873 1038 1939 ubi
1064 1871 1174 1938 Ulixes
1199 1870 1349 1936 hortatur

177 1976 214 2036 ut
228 1976 401 2059 antequam
422 1978 581 2061 proelium
601 1980 713 2045 ineant
733 1981 841 2047 eibum
863 1985 993 2047 sumant
1013 1979 1142 2046 milites.
1177 1976 1210 2044 N
1212 2000 1263 2043 am
1285 1977 1348 2042 eibi

177 2078 270 2143 miles
292 2103 405 2166 expers

300 2183 395 2275 εἴπερ
416 2188 478 2276 μὰρ
500 2196 602 2280 θυμῷ
621 2216 659 2279 με
678 2192 839 2285 μενοινάᾳ
859 2192 1062 2279 πολεμίζειν,

301 2291 389 2363 άλλά
409 2322 445 2365 τε
466 2292 578 2391 λάθρῃ
600 2306 676 2387 γυῖα
697 2297 875 2391 βαρύνεται
895 2296 958 2391 ἠδὲ
979 2296 1106 2384 κιχάνει

301 2400 390 2497 δίψα
409 2431 445 2473 τε
466 2406 523 2475 καὶ
543 2404 651 2494 λιμός,
673 2405 837 2497 βλάβεται
861 2408 899 2477 δέ
918 2436 954 2478 τε
975 2404 1103 2501 γούνατ’
1122 2403 1218 2476 ἰόντι.

179 2513 263 2592 Quid
285 2538 406 2600 quaeso
433 2518 539 2603 aptius
566 2524 598 2585 et
619 2522 701 2586 mori
723 2520 895 2588 Homerico
918 2520 1161 2587 convenientius
1183 2542 1280 2604 quam
1302 2519 1348 2583 di-

178 2644 260 2701 cere,
285 2626 454 2709 pugnanti,
481 2648 554 2692 cum
580 2629 663 2695 vires
690 2629 856 2707 deficiunt,
893 2630 958 2695 iam
990 2651 1056 2694 non
1088 2629 1200 2694 leviter
1235 2650 1348 2693 manus

178 2731 340 2816 pedesque
361 2735 483 2799 moveri
505 2736 562 2801 sed
584 2737 724 2822 graviter
745 2759 916 2823 genuaque
938 2737 1055 2804 labare.
1091 2735 1155 2803 Sed
1177 2736 1256 2801 cibis
1278 2728 1349 2801 eor-

178 2840 331 2905 roborato
350 2838 543 2924 θαρσαλέον
555 2832 638 2929 ἦτορ
660 2839 708 2909 oz
731 2842 846 2932 φρεσὶν
868 2838 947 2909 ούύέ
968 2868 1000 2909 τι
1022 2846 1097 2928 μαῖα
1119 2840 1198 2925 πρὶν
1218 2836 1347 2924 κάμνει,

178 2944 256 3029 πρὶν
276 2939 406 3025 πάντας
427 2944 576 3036 ἐρωῆσαι
604 2948 781 3035 πολέμοιο.
827 2953 963 3019 Constat
987 2952 1089 3037 igitur
1114 2952 1148 3015 in
1170 2950 1349 3017 Homericis

177 3054 302 3121 nullum
316 3079 416 3121 unum
432 3079 502 3124 esse
516 3058 624 3125 locum
639 3061 716 3145 quin
736 3060 792 3127 illa
805 3060 999 3148 significatio
1022 3058 1137 3123 ποδῶν
1158 3057 1215 3124 καί
1233 3061 1350 3141 χειρῶν

179 3164 345 3249 aptissima
375 3166 426 3230 sit.
477 3165 573 3232 Illum
606 3170 736 3254 quidem
767 3192 895 3235 versum
925 3163 985 3232 καί
1010 3161 1043 3233 οὶ
1070 3160 1139 3233 άπὸ
1169 3162 1349 3253 πραπίδων

177 3260 262 3356 ἦλθ’
288 3272 403 3355 λζιιερος
426 3266 485 3359 ἠδ’
515 3267 583 3340 άπὸ
610 3272 710 3361 μαίων
730 3300 790 3343 nee
811 3276 997 3343 Nitasehius
1019 3276 1162 3341 defendit
1183 3299 1242 3342 nee
1263 3276 1349 3342 Bek-

178 3379 274 3445 kerus
295 3381 413 3460 tenuit;
434 3382 467 3447 in
490 3406 555 3468 quo
576 3384 639 3451 iam
661 3407 702 3451 ne
722 3384 780 3450 illa
802 3386 932 3470 quidem
953 3384 1087 3470 agilium
1106 3383 1158 3449 vel
1179 3384 1349 3450 mobilium

178 3489 394 3554 membrorum
416 3491 463 3556 uis
485 3492 620 3572 inesset,
648 3494 738 3558 cuius
760 3493 846 3578 apud
867 3492 1046 3559 Homerum
1067 3493 1144 3558 item
1167 3491 1349 3577 exemplum

178 3594 303 3661 nullum
329 3600 392 3675 est,
425 3599 482 3664 sed
514 3599 742 3680 immobilium,
772 3602 864 3667 euius
891 3601 1063 3667 Homerios
1092 3601 1229 3687 egressis
1264 3601 1350 3684 apud

177 3701 353 3769 Pindarum
376 3709 434 3787 est,
455 3730 481 3775 e.
502 3728 533 3792 g.
555 3731 627 3774 eum
648 3708 791 3774 medicus
813 3712 863 3773 est
883 3709 1035 3775 membris
1056 3708 1212 3789 invalidis,
1233 3702 1349 3792 μυίαις,

177 3805 372 3896 περιάπτων
405 3808 569 3902 φάρμακα
598 3815 692 3901 Pyth.
722 3815 769 3880 III
798 3823 848 3884 91.
882 3851 921 3860 —
956 3815 1007 3897 (ln
1034 3814 1200 3882 Thesauro
1232 3837 1349 3900 operae

176 3921 318 4006 pretinm
343 3927 413 3987 erat
437 3923 527 3990 locos
554 3924 702 3990 vocabuli
722 3923 959 4009 Empedocleos
980 3928 1102 4003 notare,
1124 3944 1261 4008 quorum
1281 3924 1414 4009 pri-1¹4

177 4052 248 4094 mus
269 4053 299 4099 v.
320 4037 341 4098 3
363 4019 436 4096 εὖτέ
455 4053 507 4109 τις
528 4023 738 4119 ἀμπλακίῃσι
760 4024 855 4119 φόνῳ
877 4026 966 4121 φίλα
984 4036 1060 4116 μυῖα
1080 4024 1205 4118 μιήνῃ.)

243 4232 289 4276 ⁸⁰¹³
301 4231 431 4302 <Sextum
441 4231 533 4287 locum
542 4248 560 4287 a
569 4231 710 4288 Niiesehio
722 4235 978 4298 commemoratum,
989 4234 1081 4294 X448,
1093 4230 1220 4286 Lehrsius
1229 4234 1350 4302 praeter·

177 4315 312 4387 miserat.)

217 4455 326 4508 heheu,
340 4454 477 4497 Δτίιιιτολι.
1123 4457 1139 4509 g
