3425 4934
648 353 672 405 2.
695 349 895 421 Mythologics.
1300 360 1357 422 177

188 539 250 583 σαν
282 510 469 603 εἰσάγουσιν
496 510 607 606 αὐτήν.
657 519 717 587 Cui
743 518 908 586 simillima
940 518 1121 586 observatio
1149 519 1242 599 haec,
1273 519 1359 584 unde

187 629 352 712 Astyanax
378 627 465 711 opud
489 628 686 695 recentiores
712 627 884 694 moenibus
906 647 1059 711 praeceps
1086 626 1179 691 dctus
1206 627 1358 713 fingetur.

189 733 220 796 Ω
237 738 297 802 735
319 735 545 802 Andromache
568 736 607 802 de
627 735 687 801 filii
708 740 795 801 sorte
817 733 954 801 eiulans:
974 726 998 820 ii
1018 755 1069 811 τις
1085 725 1229 813 Ἀχαιῶν
1250 729 1356 820 ῥίψει,
1371 745 1442 816 (181)

185 837 296 926 χειρὸς
314 835 409 920 ἑλών,
433 834 504 908 ἀπὸ
517 835 657 928 πύργον,
680 840 798 928 λυγρὸν
812 835 974 926 iii-etcum
996 833 1029 928 (ἡ
1046 839 1165 928 διπλῆ)
1187 835 1238 906 ὅτι
1255 837 1361 906 ἐντεῦ-

188 951 252 1014 θεν
272 944 465 1037 κινηθέντες
493 943 526 1016 οἱ
546 943 625 1034 μεθ’
642 946 791 1037 ’Όμηρον
817 947 957 1037 ποιηταὶ
977 942 1177 1035 ῥιπτόμενον
1197 946 1283 1015 κατὰ
1303 951 1361 1016 τοῦ

187 1050 314 1137 τείχους
333 1050 401 1122 ὑπὸ
425 1060 490 1123 τῶν
507 1052 673 1148 Ἑλλήνιον
694 1051 865 1143 εἰσάγουσι
881 1055 939 1123 τὸν
957 1049 1192 1123 Ἀστυάνακτα.

708 1395 848 1475 Anten,

189 1564 272 1609 uxor
290 1542 415 1621 Proeti;
435 1544 520 1629 apud
539 1546 734 1612 recentiores
756 1543 971 1613 Stheneboea.
1006 1547 1039 1606 Z
1060 1549 1127 1613 160.
1162 1542 1260 1609 Peter
1281 1544 1358 1623 eius,

189 1653 282 1719 cuius
312 1674 431 1719 nomen
457 1652 543 1738 apud
563 1658 694 1739 poetam
714 1656 866 1733 nonest,
894 1653 980 1738 opud
1006 1651 1200 1718 recentiores
1221 1649 1358 1717 Iobates.

188 1764 222 1822 Z
240 1767 308 1830 170.

657 1885 887 1896 ——--.—-—

663 2011 880 2098 Aphrodite

187 2161 364 2229 secundnm
384 2161 563 2229 Homerum
583 2161 658 2230 Iove
680 2168 765 2232 neto.
797 2167 827 2227 Y
847 2169 916 2232 107.

686 2496 856 2584 Apollon

187 2647 387 2728 aPoeeone,
408 2648 464 2733 qui
486 2648 619 2714 (ieonum
639 2649 781 2715 medicus
804 2652 866 2727 est,
888 2647 1044 2729 diversus,
1065 2648 1095 2712 E
1113 2651 1184 2715 899.
1220 2644 1358 2724 Quidem

186 2755 269 2822 falso
292 2754 443 2822 Pceeons
465 2777 524 2841 pro
545 2754 698 2841 Apolline
724 2759 933 2841 acceperunt,
964 2759 1004 2821 A
1024 2760 1085 2824 473
1114 2755 1156 2839 (v.
1178 2751 1358 2834 schint).

187 2864 333 2948 Apparet
360 2863 399 2928 de
421 2863 607 2952 Aristarcho
635 2886 776 2930 emonem
800 2886 871 2930 esse
897 2864 933 2928 in
958 2862 1058 2929 schol.
1086 2862 1145 2930 od.
1174 2859 1195 2924 δ
1221 2864 1289 2928 231.
1315 2874 1423 2926 -1'19

187 2970 293 3037 Causa
313 2991 371 3036 cur
390 2991 465 3037 cum
481 2969 637 3057 Neptuno
659 2972 744 3058 apud
756 2971 1009 3038 Laomedontem
1030 2969 1195 3036 seruitium
1216 2957 1359 3049 subierit

187 3081 325 3164 upoetc
345 3100 412 3144 non
431 3079 558 3147 traditu
593 3082 624 3143 Φ
645 3086 714 3148 444.
750 3078 938 3148 Smintheus
960 3078 1064 3144 dictus
1085 3100 1152 3143 non
1173 3099 1193 3143 c
1213 3077 1358 3142 muribus

187 3179 411 3271 (Ἀρίσταρχος
432 3177 582 3270 ἀπρεπὲς
600 3178 732 3273 ἡγεῖται
753 3179 824 3254 ἀπὸ
837 3189 1065 3272 χαμαιπετοῦς
1088 3176 1175 3273 ζῴου
1195 3181 1254 3250 τὸν
1274 3180 1359 3249 θεὸν

186 3287 338 3380 ἐπιθέτῳ
363 3295 600 3380 κεκοσμῆσθαι
623 3286 692 3361 ὑπὸ
711 3298 772 3362 τοῦ
792 3297 967 3383 ποιητοῦ),
992 3295 1049 3361 sed
1070 3294 1111 3360 ab
1132 3293 1212 3360 urbe
1232 3292 1358 3361 Troica.

185 3401 340 3488 Apollon.
362 3404 421 3471 lex.
442 3403 484 3472 Η.
508 3411 579 3474 726.

727 3709 823 3774 Ares

185 3855 321 3924 Iunonis
342 3856 428 3924 filius
450 3860 508 3937 est,
529 3878 597 3923 non
618 3860 655 3923 ut
676 3857 806 3943 quidum
826 3860 944 3943 putent
963 3856 1085 3943 Enyus.
1121 3857 1152 3920 E
1164 3860 1234 3925 892.
1264 3854 1358 3941 Enyo

185 3965 246 4032 dee
265 3965 383 4032 bellice
408 3969 459 4032 est
479 3966 523 4045 (Ε
540 3969 625 4049 333).
664 3963 743 4031 Inde
764 3965 878 4031 Mortis
905 3964 1075 4051 epitheton
1094 3963 1264 4051 Enych'us,
1293 3986 1357 4050 quo

184 4094 245 4140 nec
265 4072 378 4158 Enyus
398 4073 484 4141 filius
506 4072 714 4160 significetur,
735 4096 795 4141 nec
817 4073 902 4160 apud
916 4072 1105 4156 Homerum,
1125 4073 1221 4139 sicuti
1241 4071 1276 4137 in
1297 4072 1358 4137 At-

182 4179 324 4247 ticorum
344 4181 477 4263 fabulis,
501 4180 658 4268 Enyulius
684 4181 762 4250 deus
790 4181 934 4248 eMurte
960 4182 1112 4249 diversus.
1159 4182 1190 4245 P
1207 4185 1267 4248 211
1290 4179 1360 4261 (ubi

181 4289 246 4376 leg.
269 4280 350 4353 οὐδὲ
370 4279 418 4366 ὥς
440 4282 472 4354 oi
489 4281 638 4355 Ἀττικοὶ
659 4285 887 4378 διαφέροντα).
923 4289 1037 4356 Mortis
1057 4288 1116 4354 filii
1137 4290 1215 4354 sunt
1235 4288 1359 4369 Δεῖμος

181 4402 217 4462 et
242 4389 371 4482 Φόβος,
391 4419 458 4464 non
480 4398 549 4466 eius
571 4399 659 4485 equi,
687 4403 725 4464 ut
745 4399 958 4465 Antimachus
986 4398 1064 4464 fecit
1088 4396 1169 4462 falso
1190 4394 1356 4461 inteliecto

224 4498 331 4552 nourr,
344 4499 480 4542 ωιιιιοο.
1111 4500 1142 4550 12
