3425 4934
368 304 426 366 128
457 296 490 351 Π.
516 295 558 351 De
575 295 752 351 Aristarchea
769 294 967 350 vocabulorum
985 292 1198 348 Homerieorum
1215 293 1458 365 interpretatione.
1496 330 1498 333 .

364 462 453 530 Num
479 457 611 543 ἀέξεται
633 458 723 548 ἱερόν
743 453 834 550 ἦμαρ
858 463 920 527 6101
940 465 1049 547 potest
1071 462 1109 527 de
1129 466 1275 547 tempore
1296 463 1538 547 pomeridiano?

364 611 405 620 -
427 595 623 659 quamquam
643 573 678 637 in
699 573 762 638 hoc
782 573 853 657 ipso
875 570 956 635 levis
977 570 1085 635 Vossii
1106 570 1194 635 fraus
1215 573 1271 648 001,
1293 570 1431 636 debebat
1452 572 1538 636 enim

366 680 470 746 dicere
492 686 620 767 tempus
640 680 874 766 vespertinum,
908 678 948 743 ad
976 678 1063 763 quod
1089 677 1194 743 solum
1223 678 1312 743 ducit
1338 672 1476 761 δόρπον,
1497 716 1538 725 -

363 786 432 853 Imo
460 811 563 873 usque
591 789 632 854 ad
656 787 836 853 meridiem:
877 787 907 849 Θ
928 791 968 852 66
995 777 1086 873 iimcc
1105 780 1166 865 μὲν
1192 776 1262 871 ἠὼς
1285 774 1402 870 ἦνκαὶ
1423 777 1536 866 ἀέξετο

363 891 452 979 ἱερὸν
466 885 589 982 ἦμαρ.
607 949 614 963 .
631 949 637 962 .
654 944 661 959 .
683 885 770 981 ἦμος
788 886 819 958 δ’
835 885 952 980 ἠέλιος
965 888 1070 975 μέσον
1087 885 1228 976 οὐρανὸν
1244 884 1473 980 ἀμφιβεβήκει
1487 934 1537 962 -.

363 1002 553 1069 Rectissime
589 1004 704 1069 statuit
729 1001 945 1069 Aristarchus.
991 1000 1054 1066 Hic
1084 1000 1174 1067 cibus
1202 1001 1415 1088 significatur,
1442 1023 1537 1086 quem

364 1112 501 1197 operarii
516 1112 600 1177 circa
613 1111 779 1176 meridiem
800 1114 940 1188 sumunt
962 1110 1019 1194 qui
1039 1110 1126 1175 idem
1148 1109 1339 1175 describitur
1359 1111 1393 1174 in
1414 1132 1538 1175 messo-

363 1220 453 1284 ribus
478 1222 508 1282 Σ
531 1226 601 1288 560.
651 1218 741 1305 Ergo
767 1222 817 1284 ter
843 1219 952 1283 cibum
979 1221 1112 1283 sumunt
1139 1217 1290 1302 operarii:
1326 1239 1419 1282 mane
1445 1222 1538 1282 ante-

364 1348 461 1411 quam
488 1326 583 1392 domo
612 1330 731 1392 exeunt
761 1329 801 1409 (π
827 1330 874 1409 2),
906 1329 976 1391 tum
1005 1327 1090 1390 inter
1116 1347 1230 1410 operas
1256 1325 1339 1390 circa
1364 1326 1537 1403 meridiem

364 1434 502 1520 denique
535 1435 666 1500 domum
699 1435 817 1500 reversi
847 1427 988 1517 δόρπον,
1028 1433 1115 1519 quod
1146 1438 1179 1499 et
1205 1454 1245 1498 ex
1271 1433 1408 1518 Cyclope
1438 1438 1471 1497 et
1498 1454 1537 1497 ex

363 1544 547 1628 pastoribus
561 1542 697 1608 Eumaei
718 1541 860 1628 intelligi
881 1545 1000 1627 potest.
1034 1540 1125 1628 Ergo
1140 1534 1204 1607 iam
1229 1546 1316 1607 recte
1330 1540 1536 1607 Aristarchus

363 1652 489 1734 statuit,
519 1647 572 1715 ότι
602 1647 672 1733 τρὶς
699 1646 829 1739 τροφὰς
861 1641 1051 1731 ἐλάμβανον
1082 1643 1116 1713 οἱ
1139 1646 1247 1736 ἥρωες
1272 1651 1305 1731 (1.
1333 1672 1360 1716 0.
1388 1647 1536 1713 homines

363 1759 477 1824 aetatis
499 1758 712 1843 Homericae).
760 1756 845 1823 Nam
873 1758 912 1823 de
940 1758 1093 1843 operariis
1121 1761 1206 1824 certe
1231 1778 1343 1823 verum
1364 1778 1434 1822 esse
1455 1755 1537 1820 vidi·

363 1889 443 1932 mus.
466 1865 596 1951 Reliqui
623 1871 656 1932 et
677 1888 826 1951 proceres
849 1867 979 1952 quando
1001 1889 1060 1932 000
1086 1868 1196 1932 statim
1221 1866 1262 1931 ab
1286 1868 1358 1931 ortu
1380 1864 1456 1930 00110
1479 1886 1533 1928 00·

363 1974 454 2059 gotia
476 1974 525 2054 (ut
540 1974 720 2056 conciones,
741 1976 870 2058 itinera)
895 1998 954 2042 nec
976 1975 1014 2040 de
1030 1975 1082 2041 die
1096 1975 1242 2040 convivia
1263 1974 1429 2039 instabant
1450 1972 1536 2037 idem

363 2081 464 2146 secuti
482 2081 639 2161 videntur,
654 2086 691 2146 ut
706 2082 839 2147 Achillis
854 2082 989 2160 sodales,
1011 2083 1043 2146 Ω
1061 2088 1128 2151 124.
1162 2082 1197 2149 si
1213 2086 1326 2147 0001το
1340 2085 1398 2163 001,
1412 2079 1536 2145 nullum

363 2192 496 2253 sumunt
517 2180 669 2271 dipteron,
703 2189 759 2254 006
788 2188 924 2255 δεῖπνον
951 2194 985 2256 01
1006 2181 1141 2273 δόρπον.
1183 2189 1219 2254 10
1242 2189 1326 2261 bello
1349 2210 1422 2253 cum
1442 2209 1536 2252 mane

363 2300 481 2361 exeunt
507 2318 567 2361 000
594 2300 700 2362 totum
721 2319 780 2382 per
800 2297 884 2363 diem
904 2297 1038 2363 redituri
1065 2303 1154 2381 sunt,
1178 2297 1288 2362 statim
1316 2297 1420 2382 primo
1443 2318 1536 2360 mane

362 2404 483 2469 iustum
504 2406 675 2489 prandium
697 2410 842 2485 sumunt,
865 2406 953 2491 quod
972 2411 1042 2472 tum
1064 2410 1150 2471 recte
1173 2405 1289 2470 dieitur
1312 2403 1457 2468 δεῖπνον.
1499 2402 1536 2468 16

362 2511 489 2596 saepius
515 2512 552 2576 fit
578 2513 612 2577 in
632 2511 742 2577 Iliade.
788 2513 911 2579 Eadem
937 2537 988 2579 res
1016 2518 1077 2595 est,
1103 2536 1176 2580 eum
1203 2510 1416 2579 Telemachus
1441 2532 1535 2576 mane

280 2633 351 2701 (134)
363 2619 425 2683 iter
446 2620 597 2704 capessit,
625 2642 643 2684 ο
667 2627 715 2688 77.
737 2656 778 2667 -
799 2621 890 2686 Ηο00
916 2622 943 2685 01
965 2621 1109 2706 sequeris
1136 2643 1236 2687 unum
1261 2620 1404 2686 invenies
1429 2619 1536 2683 locum

297 2745 346 2798 119
364 2726 535 2792 difficilem.
583 2726 633 2794 Sc.
656 2726 869 2794 Telemachus
896 2733 972 2815 post
998 2729 1076 2794 solis
1100 2751 1248 2794 occasum
1271 2728 1382 2811 (γ110.)
1404 2726 1445 2792 ad
1467 2726 1536 2791 Me·

362 2836 488 2900 nelaum
515 2836 604 2903 venit
629 2858 749 2920 eosque
776 2837 943 2920 epulantes
972 2836 1006 2919 (d
1032 2838 1085 2922 61)
1113 2836 1245 2904 invenit.
1289 2834 1378 2921 Ergo
1408 2827 1536 2917 δόρπον

362 2948 419 3011 est.
452 2942 498 3008 Et
518 2943 564 3008 010
584 2947 670 3009 recte
693 2944 771 3009 dicit
789 2943 976 3009 Pisistratus
997 2967 1025 3009 v.
1046 2951 1104 3013 191
1127 2936 1166 3008 οὗ
1189 2941 1252 3028 γὰρ
1273 2936 1375 3027 ἔγωγε
1394 2932 1533 3025 τέρπομ’

362 3043 563 3134 ὀδυρόμενος
582 3042 810 3134 μεταδόρπιος
830 3055 923 3136 „post
937 3072 1070 3116 coenam
1080 3052 1108 3093 ⁷⁴
1123 3051 1247 3136 vesperi
1264 3051 1392 3138 ingrata
1412 3049 1536 3115 lamen·

361 3158 472 3225 tatio“.
508 3157 580 3236 Qua
600 3182 678 3224 voce
699 3159 837 3244 hospitis
860 3163 1041 3225 commotus
1062 3158 1243 3236 Menelaus,
1266 3182 1307 3223 ne
1328 3159 1420 3224 malis
1443 3157 1536 3241 quasi

362 3266 524 3331 ominibus
546 3268 631 3332 diem
653 3268 776 3344 finiant,
798 3267 970 3333 instaurari
992 3267 1083 3332 iubet
1103 3305 1144 3314 -
1167 3259 1304 3351 δόρπον,
1328 3271 1402 3334 213:

428 3519 453 3559 ⁷⁴
470 3514 546 3570 Nihil
559 3516 635 3571 aliud
653 3509 852 3588 μεταδόρπιος
868 3516 1023 3587 significare
1040 3518 1146 3585 potest:
1167 3517 1200 3570 01
1217 3516 1287 3571 haee
1305 3514 1461 3586 composita
1477 3531 1536 3569 om·

361 3602 409 3656 nia
426 3601 455 3655 id
473 3601 635 3671 significant
653 3602 729 3671 quod
740 3600 913 3673 praepositio
931 3617 994 3655 cum
1012 3600 1194 3655 substantivo.
1223 3593 1483 3671 mediaetatem
1500 3600 1535 3670 (0.

361 3704 387 3755 g.
405 3688 427 3740 a
445 3686 505 3755 293)
529 3687 547 3741 i.
571 3705 597 3755 q.
620 3680 694 3754 μετὰ
716 3689 811 3761 δήμῳ
839 3685 889 3741 006
914 3680 990 3754 μετὰ
1012 3678 1114 3758 δόρπῳ
1132 3684 1202 3740 nihil
1220 3688 1269 3743 001.
1310 3684 1418 3756 Dignus
1435 3684 1535 3739 horum

360 3789 425 3826 usus
443 3771 491 3841 qui
509 3770 680 3827 attendatur.
710 3770 777 3825 81οι
790 3775 840 3826 234
858 3770 977 3842 (01249)
996 3774 1067 3842 φέρε
1085 3762 1117 3825 δ’
1135 3763 1258 3842 ὄβριμον
1278 3763 1372 3841 ἄχθος
1387 3759 1455 3840 binc
1471 3761 1536 3838 όζα·

361 3854 438 3925 λέης,
459 3851 510 3913 ‘lec
532 3853 561 3911 01
582 3848 777 3926 ποτιδόρπιον
803 3849 861 3925 εἴη,
884 3855 902 3909 1.
921 3872 945 3910 0.
966 3850 1041 3925 πρός
1061 3848 1183 3925 δόρπον.
1211 3874 1228 3912 0
1251 3860 1280 3911 51
1306 3855 1362 3925 (75)
1383 3845 1455 3910 ιἰλλᾶ
1474 3844 1537 3922 μέν’

362 3932 460 3997 εἰσόκε
471 3943 553 4012 δῶρα
565 3938 667 4012 φέρων
681 3937 832 4009 έπιδ1φρια
844 3940 914 4010 help
926 3929 1011 4010 ἦρος.
1034 3932 1107 4011 ,901λο
1119 3934 1211 4004 σάκος
1220 3939 1333 4010 μέσσον
1343 3931 1536 4008 έπαμφόλιον,

359 4026 378 4081 i.
395 4043 419 4082 0.
437 4018 483 4082 ἐπ’
497 4018 629 4099 ὀμφαλῷ,
647 4026 676 4079 H
686 4028 743 4080 267.
772 4024 842 4079 Inde
856 4023 1027 4089 dubitatum,
1043 4021 1183 4091 011001οξ
1200 4014 1269 4089 ιῖλός
1279 4042 1316 4079 an
1334 4018 1438 4089 ἔξαλος
1450 4027 1468 4079 λ
1480 4027 1535 4077 114.

354 4102 475 4175 Ἔξαλος
487 4115 519 4165 01
531 4106 647 4182 ἔφαλος,
660 4124 831 4179 quamquam
844 4107 917 4164 dixit
931 4106 1066 4174 εἰνάλιος.
1094 4108 1230 4164 Homerus
1239 4111 1334 4164 tamen
1346 4107 1417 4164 haec
1428 4106 1536 4163 mavult

361 4199 390 4249 et
407 4194 437 4249 in
453 4195 624 4265 parisyllaba
642 4194 712 4249 decl.
731 4198 760 4250 01
776 4193 806 4248 10
823 4192 1035 4265 imparisyllaba
1061 4194 1213 4250 terminare
1234 4194 1264 4249 in
1283 4212 1335 4258 ιος.
1366 4194 1400 4248 In
1418 4209 1451 4257 ος
1467 4190 1536 4245 mihi

360 4282 472 4348 praeter
490 4275 599 4349 ἔφαλος
615 4297 691 4334 nunc
710 4282 823 4335 tantum
839 4277 975 4334 memoria
996 4279 1093 4333 haeret
1110 4275 1240 4349 ἔμφυλος
1258 4282 1346 4335 0171.
1372 4275 1536 4346 Aristopha-

360 4362 403 4417 nis
421 4362 505 4418 lectio
524 4367 541 4419 δ
559 4371 607 4421 ‘185
628 4364 683 4419 fuit
702 4358 832 4421 εἰνόδιον
848 4381 905 4419 000
921 4361 998 4436 -δΙῳ,
1016 4367 1048 4418 01
1066 4364 1097 4418 10
1114 4362 1225 4419 scholiis
1244 4368 1295 4419 est.
