3425 4934
325 294 365 354 40
416 285 449 339 11.
467 284 508 339 De
526 283 704 339 Aristarchus
723 281 922 339 vocabulorum
943 282 1153 337 Homericorum
1170 280 1408 351 interpretatione.

260 460 357 539 (4⁷)p.
379 460 420 523 66
440 453 499 540 Κ.)
524 454 590 518 τῶν
617 448 653 518 δν
679 452 749 529 τοῖς
769 445 924 529 Σόλωνος
944 443 1042 531 δῖξοοι
1067 448 1218 536 plumeis
1239 441 1287 527 εἰς
1306 444 1401 528 διίιας
1422 450 1498 515 δια-

327 554 494 650 φερούσας
514 547 582 627 ὦδέ
601 579 685 637 πως·

464 661 566 752 ὃμὲν
588 660 645 735 οὖν
665 665 732 746 σός,
756 663 837 750 ἐμὸς
859 661 887 733 δ>
913 655 1010 745 οὗτος
1031 659 1181 755 ἀδελφὸς
1201 657 1361 755 φρασάτω

827 769 860 839 αι’
880 775 1038 841 καλοῦσιν
1058 767 1194 852 idcicro.

326 886 398 952 Iure
413 889 525 951 nostro
541 883 696 950 sumimus
713 884 773 950 has
792 884 1023 970 explicationes
1036 882 1088 948 vel
1108 883 1143 947 in
1165 882 1339 949 traditione
1363 885 1500 968 quadam

326 993 377 1059 vel
398 993 432 1057 in
454 990 680 1077 etymologicis
702 996 735 1057 et
755 991 960 1058 iudicialibus
981 990 1077 1076 nugis
1099 989 1292 1058 substitisse.

408 1099 477 1166 Iam
492 1101 533 1165 ad
547 1099 752 1185 sophistas
766 1099 901 1179 festinat
920 1099 1046 1164 animus
1073 1102 1110 1162 ut
1131 1097 1345 1182 exploremus,
1367 1100 1444 1184 quid
1464 1100 1500 1163 hi

325 1231 403 1275 suae
418 1207 592 1290 sapientiae
606 1228 790 1292 praecones,
812 1228 895 1291 quos
913 1208 948 1271 in
961 1206 1068 1292 poetis
1091 1205 1288 1290 explicandis
1309 1228 1343 1271 se
1366 1206 1500 1273 iactasse

327 1320 470 1400 constat,
495 1314 665 1381 attulerint
690 1314 865 1399 magnifici.
909 1313 1089 1379 Audiamus
1110 1311 1336 1398 Protagoram,
1363 1315 1440 1399 quid
1466 1315 1499 1379 in

327 1423 518 1510 exponendo
543 1426 692 1507 poemate
710 1423 912 1507 sequendum
933 1425 1035 1507 putet.
1079 1419 1256 1487 Simonidei
1278 1422 1428 1486 carminis
1449 1421 1501 1486 in·

326 1531 591 1618 terpretationem
618 1529 811 1616 aggrediens
838 1530 885 1596 sic
910 1530 1057 1614 loquitur
1082 1529 1168 1613 apud
1188 1528 1359 1595 Platonem
1381 1531 1501 1613 (339³):

326 1636 384 1704 καὶ
412 1636 452 1726 δὴ
482 1633 540 1703 καὶ
569 1638 624 1700 νῦν
652 1630 746 1702 ἔσται
771 1634 810 1703 ιδ
835 1630 988 1725 ἔρι’πημα
1008 1632 1166 1719 περὶτοῦ
1187 1630 1290 1702 αὐτοῦ
1310 1632 1390 1718 μέν,
1425 1632 1503 1717 περὶ

326 1734 430 1831 οὗπερ
459 1740 523 1830 ἐγώ
546 1765 582 1808 τε
603 1740 661 1809 καὶ
680 1742 720 1808 σὺ
742 1748 797 1810 νῦν
818 1739 1064 1829 διαλεγόμεθα,
1093 1740 1184 1828 περὶ
1210 1737 1363 1831 ἀρετῆς,
1389 1765 1501 1827 μειε-

326 1849 572 1940 νηνεγμένον
607 1847 649 1916 δὲ
682 1845 744 1931 εἷς
773 1847 965 1939 ποίησιν.
1014 1852 1059 1919 Et
1088 1854 1122 1918 in
1148 1852 1282 1918 eandem
1308 1853 1501 1919 sententiam

326 1964 407 2030 haec
428 1963 510 2047 (ib.):
535 1955 691 2051 ἡγοῦμαι,
712 1951 740 2026 ὦ
761 1954 942 2047 Σώκρατες,
965 1954 1028 2044 ἐγώ
1052 1952 1149 2045 ἀνδρὶ
1169 1953 1329 2037 παιδείας
1348 1954 1502 2043 μέγιστον

326 2067 428 2155 μέρος
448 2059 632 2155 εἶναιπερὶ
653 2065 744 2135 ἐπῶν
763 2066 875 2135 δεινὸν
895 2057 995 2133 εἶναι·
1020 2061 1091 2134 ἔστι
1113 2064 1150 2133 δὲ
1170 2071 1267 2134 τοῦτο
1288 2064 1330 2132 τὰ
1349 2060 1417 2133 ὑπὸ
1436 2069 1503 2131 τῶν

327 2179 476 2263 ποιητῶν
490 2175 651 2264 λεγόμενα
673 2166 746 2244 οἷόν
764 2169 792 2241 τ’
816 2166 903 2242 εἶναι
924 2172 1069 2256 ξυνιέναι
1090 2172 1112 2241 δι’
1131 2199 1168 2240 τε
1188 2168 1301 2262 ὀρθῶς
1320 2168 1503 2262 πεποίηται

328 2285 384 2351 καὶ
411 2275 434 2349 d?
459 2281 522 2374 μή,
553 2283 611 2353 καὶ
637 2281 844 2352 ἐπίστασθαι
865 2282 987 2350 διελεῖν
1013 2305 1050 2349 ιε
1079 2280 1135 2349 καὶ
1164 2276 1376 2370 ἐρωτώμενον
1405 2281 1503 2368 λόγον

328 2393 455 2461 δοῦναι.
489 2393 528 2461 In
549 2417 614 2480 quo
636 2395 731 2461 facile
749 2400 799 2460 est
819 2393 1001 2479 intelligere
1020 2392 1103 2458 illud
1123 2387 1146 2456 ἅ
1166 2414 1201 2456 τε
1223 2384 1339 2477 ὀρθῶς
1357 2388 1501 2478 πεποίη-

326 2523 384 2567 ται
408 2499 463 2567 καὶ
491 2492 514 2565 dl
539 2495 585 2590 μή
614 2503 677 2569 hoc
706 2502 887 2589 significare
911 2523 1012 2585 „quae
1035 2506 1150 2585 poetae
1177 2502 1356 2566 sententiae
1386 2505 1503 2580 rectae,

328 2633 411 2695 quae
444 2632 560 2696 pravae
588 2611 680 2677 sint.“
734 2609 783 2675 De
810 2614 898 2674 recta
927 2609 1100 2674 verborum
1128 2607 1394 2693 interpretatione
1419 2609 1502 2674 nihil

329 2716 414 2785 dicit.
456 2716 531 2796 Illa,
560 2717 761 2783 utbreviter
785 2716 907 2796 dicam,
941 2716 1072 2782 moralis
1099 2716 1323 2802 interpretatio
1350 2716 1502 2802 (Hippiae

329 2824 450 2910 dialogi
464 2825 657 2906 memineris,
679 2847 744 2908 quo
766 2823 946 2908 exquiritur
959 2823 1121 2889 Achillem
1142 2846 1184 2889 an
1197 2823 1326 2890 Ulixem
1341 2824 1502 2890 Homerus

328 2933 446 2997 virtute
471 2932 739 3017 praestantiorem
764 2931 904 3014 finxerit)
937 2934 970 2996 et
1002 2930 1221 3016 sophistarum
1255 2936 1289 2997 et
1319 2932 1502 3018 aequalium

328 3038 595 3124 philosophorum
622 3038 747 3103 animos
774 3038 965 3122 occupabat:
995 3038 1214 3122 sophistarum
1239 3061 1315 3105 vero
1342 3063 1362 3104 a
1386 3040 1502 3106 studiis

329 3146 410 3212 adeo
432 3146 586 3212 abhorret
606 3149 643 3211 ut
664 3150 813 3211 accurata
838 3146 1071 3212 vocabulorum
1100 3148 1366 3233 interpretatione
1391 3171 1501 3214 verum

329 3257 444 3339 poetae
462 3275 592 3319 sensum
608 3252 769 3334 elicerent,
790 3259 828 3319 ut
842 3254 996 3338 speciosis
1018 3256 1058 3320 ad
1074 3256 1278 3321 excitandum
1297 3256 1503 3340 quaestiones

330 3360 665 3447 argumentationibus
681 3337 747 3426 noh
761 3362 869 3427 minus
883 3363 1011 3446 poetica
1025 3363 1181 3429 vocabula
1194 3363 1334 3428 ludibrio
1353 3364 1503 3429 habuisse

330 3469 481 3534 censendi
503 3469 570 3534 sint
591 3491 688 3553 quam
709 3468 856 3555 vulgaria
877 3469 1029 3536 habuisse
1048 3474 1186 3536 constat.
1227 3469 1300 3536 Hoc
1320 3474 1429 3537 tamen
1450 3471 1503 3537 hic

330 3576 427 3642 etiam
456 3577 640 3642 habuerunt
673 3577 781 3642 meriti
814 3582 851 3642 ut
882 3578 1081 3643 adversarios
1113 3578 1153 3642 ad
1187 3578 1379 3644 evolvendae
1403 3579 1502 3645 animi

263 3704 318 3774 (48)
331 3684 481 3750 notiones
495 3684 703 3768 instigarent:
723 3689 757 3750 et
771 3685 854 3751 tales
869 3686 1047 3751 carminum
1060 3685 1353 3770 interpretationes,
1374 3685 1503 3771 qualem

328 3791 528 3878 Protagorae
543 3793 678 3880 argutiis
693 3791 842 3859 Socrates
858 3793 1002 3878 opponit,
1024 3815 1220 3877 quamquam
1233 3794 1378 3881 insignes
1392 3795 1504 3860 insunt

330 3921 453 3966 errores
479 3902 529 3984 (ut
550 3901 589 3965 de
610 3900 709 3966 verbo
731 3894 826 3985 ἑκών)
855 3904 889 3966 et
909 3900 1045 3967 fortasse
1073 3902 1101 3966 si
1122 3905 1229 3967 totum
1251 3922 1378 3966 carmen
1405 3901 1503 3967 habe-

328 4029 437 4072 remus
453 4008 560 4093 plures
575 4012 775 4094 apparerent,
793 4011 903 4072 tamen
918 4008 945 4073 si
960 4014 1030 4075 tum
1045 4008 1154 4093 plures
1171 4010 1316 4089 fuissent,
1337 4008 1502 4093 aliquanto

285 4114 419 4199 soprius
439 4114 474 4179 in
493 4115 557 4181 hoc
580 4137 699 4202 genere
721 4115 843 4201 aliquid
864 4116 1044 4200 profectum
1066 4121 1160 4183 esset.
1195 4115 1280 4183 Nam
1301 4116 1389 4201 quod
1411 4117 1502 4201 quasi

329 4222 575 4288 fundamentum
596 4224 647 4288 sui
668 4224 891 4289 commentarii
917 4224 1024 4309 ponit,
1053 4225 1136 4289 illud
1160 4246 1288 4290 carmen
1314 4230 1402 4290 certo
1423 4247 1503 4290 con-

330 4328 417 4407 silio,
447 4329 488 4394 ad
508 4332 746 4416 coarguendam
766 4330 885 4397 Pittaci
906 4332 1114 4409 sententiam,
1137 4332 1291 4418 scriptum
1313 4356 1392 4410 esse,
1415 4334 1502 4418 quod
