3425 4934
370 336 427 396 100
449 327 482 382 Il.
508 326 550 382 De
570 326 747 383 Aristarchea
763 327 962 383 vocabulorum
981 329 1191 385 Homericorum
1208 330 1450 402 interpretatione.

366 493 572 561 Aristarchus
594 496 699 562 voluit
719 497 873 580 ‚‚stabat“‚
898 518 939 561 an
960 500 1072 563 σεεῖνεσ
1094 494 1131 563 δὲ
1149 490 1284 589 διψάων
1305 495 1538 586 perseverabat,

366 602 531 685 perstabat
558 604 684 687 sitiens,
716 626 750 670 er
775 605 938 671 verharrte
964 605 1009 671 im
1034 606 1163 673 Durste.
1213 606 1303 686 Quae
1334 612 1443 672 tamen
1468 604 1540 688 ipsa

303 715 351 766 100
369 709 563 795 significatio
587 733 654 778 nou
683 712 794 778 eadem
825 717 876 778 est
901 735 973 778 cum
999 713 1132 799 reliquis
1158 713 1248 781 locis.
1298 713 1384 780 Nam
1414 714 1448 778 in
1472 710 1538 776 illis

367 816 563 884 habebamus
584 820 853 905 perseverantiam
875 821 1019 899 actionis,
1039 822 1092 886 hic
1108 822 1277 906 passionis.
1298 859 1338 869 -

449 925 530 992 (lum
544 932 656 994 nostro
674 931 788 993 στεῦτο
803 927 954 994 Βεθίσσσι
967 930 1132 1009 ‚,studere“
1146 952 1250 1015 nuper
1260 929 1428 996 coniunxit
1442 927 1538 994 Cora·

366 1036 474 1101 senins
491 1036 564 1103 krit.
587 1036 740 1123 Beitrige
761 1060 792 1121 p.
819 1042 885 1105 113.

837 1241 1068 1249 -.---.——-—-·

841 1407 872 1466 Γ
874 1399 1066 1488 εγωνὲμεν

699 1570 746 1620 σεε
761 1557 948 1640 „chzmure“,
969 1579 1031 1622 scon
1051 1556 1203 1641 „debere“.

452 1722 556 1788 6223
570 1717 657 1805 πρὸς
675 1716 714 1787 τὸ
736 1717 926 1807 γεγωνέμεν,
948 1717 1001 1790 ὅτε
1023 1715 1061 1787 οὐ
1084 1721 1198 1807 ψιλῶς
1217 1718 1288 1787 ἐστι
1309 1722 1441 1810 φωνεῖν,
1464 1712 1537 1785 ἀλλ’

366 1821 529 1895 ἀκουστὸν
551 1824 776 1917 φθέγγεσθαι.
817 1829 924 1896 Huius
952 1831 1185 1897 observationis
1212 1830 1329 1916 duplex
1350 1828 1538 1895 Aristarcho

366 1959 463 2003 cansa
480 1936 557 2017 fuit,
586 1937 725 2021 primurn
753 1938 841 2022 quod
860 1940 1056 2005 recentiores
1076 1944 1192 2025 poetae
1214 1938 1392 2024 simplicem
1413 1938 1539 2003 dicendi

366 2045 533 2109 notionem
547 2046 704 2111 vocabulo
727 2046 911 2126 subiiciunt,
932 2069 958 2113 e.
973 2070 1004 2135 g.
1018 2048 1133 2134 tragici
1149 2049 1189 2131 (v.
1209 2070 1235 2112 e.
1250 2068 1281 2132 g.
1300 2045 1415 2112 Aesch.
1431 2045 1538 2111 Prom.

368 2158 436 2222 193.
475 2153 574 2238 Soph.
597 2152 734 2220 Philoct
756 2154 882 2237 238⁶²)‚
905 2155 1020 2221 deinde
1041 2160 1174 2242 propter
1193 2177 1320 2220 versum
1341 2176 1360 2238 ρ
1385 2160 1459 2238 161,
1483 2154 1539 2239 qui

366 2261 493 2345 spurius
508 2266 605 2326 estet
625 2283 683 2347 pro
706 2262 816 2347 spurio
833 2262 963 2348 agnitus
986 2268 1019 2328 et
1040 2262 1112 2329 aliis
1132 2264 1236 2329 causis
1258 2266 1291 2328 et
1312 2263 1399 2346 quod
1421 2256 1540 2346 ἐγεγώ·

365 2390 438 2432 νευν
464 2369 491 2434 si
518 2367 658 2434 clamare
678 2370 900 2455 interpreteris
927 2392 966 2435 co
988 2370 1061 2436 loco
1082 2371 1228 2455 ineptum
1249 2374 1376 2437 estnec
1396 2369 1540 2455 reliquae

365 2477 543 2542 namationi
566 2478 760 2544 conveniens
783 2483 823 2557 (n.
846 2500 865 2542 ο
888 2480 1007 2561 525).53

892 2843 1014 2933 Μήλα

668 2996 757 3082 apud
776 2997 949 3061 Homerum
968 3021 1039 3062 oves
1059 3010 1090 3061 et
1111 3021 1235 3082 caprae.

448 3164 482 3223 Ι(
495 3168 554 3230 485
577 3158 630 3227 ὅτι
649 3161 741 3250 μῆλα
762 3156 794 3226 oi
817 3158 967 3248 νεώτεροι
988 3167 1029 3244 (v.
1043 3163 1209 3247 Aristoph.
1230 3184 1363 3249 gramm
1382 3187 1431 3249 ap.
1445 3164 1536 3231 Enst.

364 3291 395 3352 p.
412 3274 480 3349 877,
495 3279 544 3338 51.
570 3276 658 3352 1648,
671 3272 724 3356 61)
745 3262 856 3334 πάντα
872 3267 914 3334 τὰ
928 3263 1129 3356 τετράποδα,
1146 3268 1294 3357 Ὅμηρος
1313 3265 1349 3335 δὲ
1371 3260 1468 3356 αἶγας
1482 3268 1538 3336 καί

365 3370 424 3453 ὄϊς.
460 3382 522 3446 486
542 3372 573 3464 (ἡ
599 3377 716 3469 διπλῆ)
739 3375 793 3448 ὅτι
814 3373 1022 3466 ἐπεξηγεῖεσι
1041 3373 1116 3443 circ
1135 3373 1177 3443 τὰ
1196 3376 1297 3466 μῆλα.

430 3631 457 3673 ⁵2
473 3629 519 3686 sto
542 3624 606 3701 ἴσχε
623 3628 778 3700 simplicem
796 3629 909 3685 dicendi
925 3628 1069 3685 notionem
1086 3626 1194 3692 induit,
1213 3646 1239 3688 v.
1260 3627 1397 3683 Schrader
1413 3628 1450 3683 ad
1468 3629 1537 3684 Mus

363 3733 389 3773 v.
407 3719 466 3771 262.

429 3802 456 3844 ⁶³
473 3799 553 3867 Quod
574 3798 761 3855 Buttmannus
787 3798 818 3854 in
845 3798 951 3854 scholio
977 3794 1004 3870 β’
1025 3797 1087 3853 vult
1109 3814 1161 3868 pro
1185 3792 1223 3869 ιβ
1244 3800 1274 3853 et
1296 3794 1351 3853 εἰν
1373 3797 1449 3853 delet
1471 3800 1537 3853 ante

364 3879 493 3958 ἅκαίρως
513 3886 566 3942 hoc
588 3885 751 3955 probamus:
783 3883 860 3953 qnod
884 3881 1031 3939 εἰσελθεῖν
1051 3878 1085 3938 ἰν
1101 3886 1139 3952 τῇ
1155 3877 1207 3951 νηΐ
1217 3880 1421 3953 interpretatur
1437 3898 1537 3938 navem

363 3971 513 4026 ascendere
525 3969 748 4039 scholiastaeque
760 3966 969 4035 „confnnonem
980 3964 1120 4035 reliquit“,
1137 3963 1335 4034 improbamus
1364 3965 1459 4022 Verba
1469 3968 1538 4037 πρὶν

364 4052 512 4111 εἰσελθεῖν
529 4051 562 4110 ἐν
578 4058 615 4124 τῇ
632 4050 684 4124 νηΐ
695 4052 796 4108 mutila
812 4055 886 4119 sunt,
905 4052 1021 4109 fortasse
1038 4050 1078 4106 sic
1095 4050 1281 4107 restituenda:
1305 4052 1375 4120 πρὶν
1393 4047 1538 4107 εἰσελθεῖν

364 4140 411 4210 (εσ.
429 4139 473 4204 εἰς
490 4131 573 4211 ἂστυ)
591 4130 648 4195 οὐκ
664 4135 698 4195 ἰν
714 4142 750 4209 τῇ
771 4135 824 4208 νηΐ.
865 4136 995 4192 Scholion
1013 4137 1037 4190 Δ
1054 4140 1104 4191 208
1122 4135 1166 4207 (ut
1184 4134 1238 4189 hoc
1257 4151 1387 4192 moneam
1403 4133 1434 4189 in
1450 4137 1537 4190 tram

363 4225 454 4295 onrsn)
476 4241 534 4279 non
557 4224 593 4279 ad
616 4223 691 4278 hunc
713 4222 806 4278 locum
827 4221 965 4294 pertinet,
988 4223 1022 4276 nt
1038 4219 1165 4275 Bekkero
1186 4221 1289 4286 visum,
1311 4220 1359 4275 sed
1380 4219 1418 4275 ad
1438 4218 1467 4273 Γ
1479 4225 1535 4276 390.

362 4309 525 4379 Legendum
542 4307 630 4378 igitur
647 4302 742 4364 εἰκοσι
760 4313 840 4378 τρεῖς
855 4323 907 4377 pro
926 4299 1029 4362 εἰκοσι.

835 4446 1067 4457 ————-
