3425 4934
467 340 491 390 2.
514 334 555 391 De
572 334 756 392 adornatione
773 335 876 391 codicis
893 334 994 390 Veneti
1012 335 1044 390 A.
1302 340 1342 402 29

257 502 383 568 Deinde
410 505 516 569 cautio
545 502 737 581 adhibenda,
768 502 808 567 ad
838 525 935 587 quem
961 502 1059 567 finem
1090 499 1343 584 unumquodque

176 609 324 676 scholion
350 612 491 676 eiusdem
522 610 661 676 auctoris
687 611 737 677 sit
774 609 906 675 Etenim
933 610 989 693 qui
1016 608 1096 673 haec
1123 607 1286 693 congessit
1306 628 1345 672 ea

178 739 410 803 nonnunquam
423 720 548 784 ratione
564 740 641 783 usus
656 720 713 796 est,
727 721 765 782 ut
777 717 886 802 plures
901 716 1125 781 annotationes
1140 717 1346 780 connecteret

176 846 232 909 per
246 819 295 909 δέ,
315 824 380 892 hoc
401 827 511 892 modo:
532 830 571 891 A
593 829 653 895 593
675 816 852 890 κάππεσον
872 820 907 889 ἐν
927 817 1076 908 Λήμνηιε
1101 820 1187 906 πρὸς
1205 819 1248 885 τά
1267 816 1345 904 περὶ

175 923 359 1012 Ὀλύμπου·
379 932 580 1018 παράκειται
598 931 660 1018 γὰρ
681 927 857 1020 ἡΛῆμνος
876 935 917 1021 τῇ
934 924 1057 1019 Θρηίκη.
1076 927 1164 1009 τινὲς
1185 925 1222 995 δὲ
1241 950 1343 1011 μιτα-
1354 936 1409 1008 (33)

175 1047 331 1105 ποιοῦσιν
349 1035 384 1117 ἐς
408 1043 566 1126 Λῆμνον·
595 1033 668 1104 ἀλλ’
692 1034 711 1106 ό
737 1036 877 1128 ποιητὴς
899 1043 1018 1125 χρῆται
1038 1041 1086 1124 τῷ
1107 1031 1249 1122 τοιούτῳ
1271 1033 1345 1120 σχή-

175 1170 266 1229 ματι,
291 1143 354 1226 ,,έν
376 1141 405 1213 δ’
428 1141 518 1214 ἔπαό
539 1141 709 1234 manaem
732 1150 782 1233 (Θ
803 1149 890 1233 485),
913 1143 1111 1225 ,,κάππεσιν
1133 1140 1168 1209 έν
1189 1137 1344 1232 uooc'qocu

176 1255 336 1341 (0538),
366 1258 458 1344 υθοῇ
481 1252 515 1321 έν
536 1254 592 1342 νηῒ
613 1250 773 1344 πέσησινέ(
799 1256 849 1342 <Ο
871 1256 957 1340 624).
993 1249 1097 1331 οὕτως
1123 1246 1344 1338 Ἀρίσταρχος.

176 1362 265 1427 Haec
291 1364 467 1430 Aristonici
500 1367 576 1429 sunt
605 1386 708 1449 usque
741 1365 782 1429 ad
808 1365 849 1451 τῇ
881 1356 1003 1450 Θρᾴκη.
1044 1361 1182 1446 Reliqua
1206 1360 1345 1445 Didymi

178 1472 207 1532 P
223 1475 284 1539 202
314 1462 374 1549 οὐχ
399 1466 504 1549 οότως
528 1466 756 1557 παρείληπται
784 1464 829 1547 τίς
856 1465 951 1558 ἡμεῖς
970 1466 1006 1535 ἐν
1025 1472 1065 1559 τῇ
1087 1463 1246 1556 συνηθείᾳ
1265 1463 1345 1532 τάσ-

176 1594 276 1657 σομσν
298 1575 516 1656 διοταιιτικιῦς
535 1576 574 1645 τό
596 1574 726 1664 σχεδόν,
749 1571 819 1644 ἀλλ’
841 1570 914 1642 ἀντὶ
933 1580 993 1643 τοῦ
1011 1572 1116 1662 έχγός.
1148 1572 1182 1642 ai
1205 1572 1242 1641 δὲ
1252 1567 1345 1659 Ἀρι·

176 1679 316 1767 στάρχοο
338 1675 376 1762 δς
397 1680 441 1770 δή
460 1709 515 1751 τοι
533 1684 650 1767 σχεδὸν
670 1677 763 1753 τίσιν.
807 1686 940 1752 Initium
966 1686 1153 1765 Aristonici,
1181 1678 1216 1748 ui
1242 1680 1280 1748 δὲ
1306 1721 1343 1731 -

175 1790 313 1877 Didymi
349 1791 421 1858 Hoc
439 1794 560 1878 ubique
582 1796 760 1861 notandum
781 1794 809 1860 si
830 1795 903 1880 quis
923 1794 975 1859 his
996 1792 1126 1860 scholiis
1147 1793 1258 1857 utitur.
1292 1789 1346 1857 Sic

175 1904 213 1963 A
233 1905 295 1967 225
321 1892 512 1983 οἶνοβαρέςε
545 1897 598 1967 ὅτι
618 1896 808 1988 Ζηνόδοτος
826 1904 947 1967 τοῦτον
972 1898 1031 1969 τόν
1054 1896 1161 1966 τόπον
1180 1892 1346 1985 ἦθέτηκεν

176 2001 310 2084 ingrat
329 2005 407 2092 „soi
421 2005 470 2089 μά
489 2004 567 2073 τόδε
584 2011 780 2096 σκῆπτρον(
799 2011 895 2091 (234).
917 2001 997 2073 καθ’
1014 2002 1150 2095 ἑκάστην
1171 2003 1210 2072 δὲ
1230 2003 1346 2071 λοιδο-

176 2109 250 2197 ρίαν
261 2111 367 2200 βραχὺ
384 2113 610 2182 διασταλτέον.
645 2116 756 2203 Usque
777 2118 818 2182 ad
838 2123 1004 2206 σκῆπτρον
1017 2116 1201 2195 Aristech
1221 2112 1347 2197 reliqua

175 2220 354 2289 Nicanoris
394 2228 432 2289 A
448 2231 508 2292 255
531 2219 594 2301 ἕως
610 2227 670 2289 τοῦ
687 2219 857 2306 μάχεσθαι
875 2221 1073 2289 σοναπτέον·
1094 2219 1197 2307 βραχὺ
1219 2217 1257 2285 δὲ
1277 2221 1347 2286 δια·

177 2326 334 2395 οταλτέον
342 2331 472 2410 παῖδες,
488 2334 599 2417 θυμῷ,
609 2328 862 2415 μαρναμένοιιν.
880 2327 1126 2416 περισπαστέον
1138 2326 1175 2395 δὲ
1187 2326 1246 2395 τδν
1259 2317 1280 2417 ἦ
1297 2368 1346 2394 -.

179 2436 312 2504 initium
333 2437 513 2506 Nicanoris.
549 2442 579 2507 A
604 2436 849 2526 περισπαστέον
871 2437 907 2505 δὲ
928 2440 1114 2507 Herodiani
1154 2433 1266 2507 3437
1288 2430 1346 2500 διά

176 2549 233 2611 τοῦ
260 2547 334 2612 sot
354 2538 566 2631 Ἀριστάρχου
588 2545 645 2613 καὶ
670 2542 706 2613 αί
726 2541 879 2626 πλείους,
904 2540 1103 2629 ἀπέμεσσεν·
1131 2542 1347 2632 Ζηνοδότειος

177 2783 313 2826 mus-
334 2760 486 2829 Nicanor.
522 2763 566 2828 Et
587 2764 634 2829 sic
654 2785 760 2849 porro.

260 2978 352 3061 511.
393 2976 474 3043 Tam
504 2979 598 3044 bonis
629 2979 780 3045 subsidiis
805 2977 1039 3063 posterioribus
1067 2976 1282 3063 grammaticis
1307 2975 1347 3040 ad

177 3083 399 3149 Aristarcheas
412 3083 568 3151 lectiones
583 3089 616 3151 et
636 3089 807 3171 praecepta
828 3085 1053 3172 cognoscenda
1073 3084 1123 3149 uti
1143 3083 1244 3151 licuit.
1280 3082 1348 3148 He·

177 3191 329 3257 rodiauus
347 3192 382 3255 in
395 3191 479 3257 libro
495 3192 534 3256 de
548 3193 699 3276 prosodia
712 3192 886 3259 Homerica
899 3192 1039 3277 Didymo
1053 3214 1131 3257 usus
1152 3195 1214 3258 est:
1234 3194 1273 3254 Λ
1287 3197 1346 3258 441

178 3294 280 3375 οὕτως
293 3293 331 3363 δὲ
344 3295 403 3362 καί
417 3291 632 3382 Ἀρίσταρχος
644 3294 786 3387 ἔγραφεν
807 3297 845 3365 ἐν
863 3296 1020 3388 πλήρους,
1044 3294 1090 3375 ὡς
1102 3293 1253 3379 Δίδυμος
1264 3320 1348 3379 μαρ-

176 3408 274 3489 τυρεῖ.
313 3410 349 3470 Ν
367 3413 428 3475 450
450 3400 634 3493 (ἐπίουρον)
659 3405 717 3472 καὶ
741 3399 954 3491 Ἀρίσταρχος
976 3403 1013 3471 δὲ
1034 3402 1152 3488 οὕτως,
1172 3399 1348 3488 ἐνδεχόμε-

176 3537 233 3592 νος
252 3512 311 3579 τδν
337 3508 486 3601 φύλακα·
514 3509 680 3600 μέμνηται
708 3510 745 3579 δέ
770 3511 827 3581 καὶ
854 3509 873 3581 δ
894 3509 1045 3597 Δίδυμος
1069 3517 1128 3602 τῆς
1154 3506 1349 3591 ἀποδόσεως

176 3619 231 3687 καί
249 3614 401 3710 Τρύφων.
433 3621 498 3688 Sed
519 3622 634 3688 iisdem
654 3624 719 3688 iam
741 3623 893 3689 subsidiis
914 3624 965 3689 usi
987 3626 1079 3688 crant
1100 3624 1156 3708 qui
1177 3627 1254 3699 ante
1273 3645 1347 3688 eum

177 3728 214 3794 de
228 3728 411 3795 Homericis
424 3729 618 3795 lectionibus
633 3731 883 3815 accentibusque
897 3732 1098 3815 scripserant,
1113 3751 1195 3815 quos
1210 3729 1348 3815 diligen·

175 3836 297 3902 tissime
323 3836 499 3913 consuluit,
526 3841 563 3902 ut
587 3836 719 3924 Trypho
748 3835 921 3924 (περὶτῆς
948 3830 1089 3919 ἀρχαίας
1109 3830 1345 3921 ἀναγνώσεως),

175 3943 300 4024 Alexio,
320 3943 527 4010 Ptolemaeus
550 3945 753 4025 Ascalonita,
773 3944 947 4032 Tyrannio.
988 3944 1093 4023 Quare
1115 3966 1348 4029 nonnunquam

176 4052 252 4116 satis
265 4050 367 4116 habet
380 4051 421 4116 ad
435 4050 495 4116 hos
515 4056 661 4118 auctores
682 4075 853 4119 recurrere.
889 4051 942 4118 Sic
958 4057 991 4114 N
1006 4058 1063 4119 191
1076 4044 1233 4131 Ἀλεξίων
1247 4050 1348 4139 φησὶν
1359 4078 1392 4129 29

176 4153 227 4223 ότι
250 4151 462 4242 Ἀρίσταρχος
483 4152 527 4235 ὡς
548 4158 653 4246 σοφός
674 4156 914 4243 προηνέγκατο,
943 4180 986 4224 sc.
1015 4180 1115 4242 χροος
1141 4159 1294 4239 (Ariston.
1315 4165 1349 4226 et

174 4264 246 4332 Did.
261 4265 469 4332 consentiunt
482 4266 516 4330 in
538 4267 723 4350 contrario),
748 4261 938 4350 Τυραννίων
959 4261 998 4331 δά
1017 4258 1062 4343 ὡς
1082 4261 1198 4344 πόλος
1234 4271 1272 4332 Ν
1283 4274 1344 4336 246
1356 4282 1411 4354 (34)

174 4367 192 4438 ί
211 4366 455 4459 Ἀσκαλωνίτης
476 4370 576 4460 φησὶν
597 4368 651 4439 ότι
665 4367 879 4458 Ἀρίσταρχος
899 4367 960 4438 δίο
982 4376 1085 4452 ποιεῖ,
1109 4368 1272 4457 διράπων
1291 4371 1349 4439 καὶ
