3425 4934
390 349 447 412 180
568 343 614 398 ln.
636 343 678 398 De
695 343 847 399 Aristarchi
865 341 985 399 scientia
1002 342 1180 413 antiquitatis
1196 341 1368 397 Homericae.
1434 369 1438 376 ,

384 531 478 590 τεμις
499 509 591 596 <XVI
615 513 698 597 125>,
719 491 753 578 et
773 512 994 597 compluribus
1014 512 1095 579 locis
1117 512 1273 590 similiter,
1295 514 1462 577 mutuatus
1482 508 1553 586 hoc,

385 621 422 681 ut
437 618 631 702 putaverim,
660 621 701 686 ab
723 642 776 700 eo,
803 642 909 705 aquo
930 619 1033 686 multe
1053 624 1220 686 mutuatus
1242 624 1305 700 est,
1330 617 1554 703 Euphorione:

383 721 441 790 τὸν
463 722 501 790 δὲ
521 718 706 810 Εὐρύλοχον
727 724 802 794 νέον
822 722 964 792 ἐκάλουν
982 720 1149 807 Ἀχιλλέα,
1172 720 1218 804 ὡς
1231 720 1411 816 Εὐφορίων
1431 718 1556 808 ἱστορεῖ

384 825 595 916 ,,ὁπλοτέρου
604 826 631 897 τ’
644 825 802 920 Ἀχιλῆος
810 825 978 918 ἀκούομεν
987 827 1218 919 Εύρυλύχοιοῑ(
1229 856 1351 922 argum
1357 833 1451 900 Pind.
1459 831 1553 917 Pyth.

384 964 415 1026 p.
438 947 498 1009 299
526 940 667 1007 Boeckh.
694 942 792 1010 Mein.
813 943 908 1011 Auel.
929 944 981 1010 Al
1002 966 1034 1028 p.
1056 950 1105 1012 95.
1148 941 1288 1009 Nonnus
1315 943 1428 1011 eodem
1456 940 1553 1005 modo

384 1048 490 1114 adres
511 1070 641 1134 quoque
661 1050 836 1130 transtulit,
856 1053 894 1115 ut
914 1050 1071 1136 templum
1085 1049 1268 1119 Salomonis
1288 1050 1430 1116 dirutum
1448 1048 1553 1113 tribus

384 1156 496 1222 diebus
528 1151 703 1241 κτίσμασιν
734 1151 966 1243 ὁπλοτέροισιν
996 1159 1102 1225 denuo
1136 1163 1333 1225 exstmctum
1361 1158 1401 1223 iri
1435 1156 1554 1222 diceret

384 1265 477 1350 <Met
499 1268 531 1330 B
554 1266 642 1351 100>‚
668 1270 701 1332 et
728 1266 843 1332 debere
868 1263 1018 1331 homines
1037 1265 1231 1352 baptismate
1254 1267 1359 1332 denuo
1382 1264 1471 1330 nasci
1491 1264 1553 1329 hoc

383 1373 479 1440 modo
507 1369 717 1461 ,,ὁπλοτέρην
740 1369 908 1454 δέξασθαι
932 1369 1108 1458 γενέθλιον
1128 1366 1280 1457 ἀσπορον
1305 1366 1433 1460 ἀρχήν“
1462 1372 1553 1460 <Mes

382 1484 414 1545 Γ
425 1482 493 1567 28>,
511 1487 545 1548 et
557 1481 654 1548 Marti
670 1482 832 1568 prioribus
847 1480 965 1548 similia
978 1482 1107 1549 vincula
1121 1481 1227 1549 denuo
1242 1482 1385 1548 facturos
1399 1480 1554 1567 cyclopes

383 1589 492 1670 (Dion.
518 1596 571 1670 29,
604 1593 678 1674 353)
705 1587 763 1656 καὶ
787 1581 915 1676 ἀρχαίῳ
940 1609 998 1655 σεο
1025 1588 1135 1677 δεσμῷ
1161 1585 1345 1675 ὁπλότερον
1367 1585 1555 1656 τελέσοοσιν

383 1693 525 1780 ὁμοίιον.
571 1697 624 1766 Sic
650 1699 796 1783 pervenit
821 1700 862 1765 ad
883 1698 1152 1786 significationem
1176 1704 1327 1783 ,novus“,
1354 1700 1401 1765 ita
1426 1702 1553 1764 utnon

382 1810 509 1872 tantum
524 1806 674 1873 derebus
690 1807 810 1873 diceret
827 1807 920 1872 novis
941 1810 1064 1874 veteres
1086 1807 1234 1874 similiter
1253 1807 1477 1889 referentibus,
1497 1806 1554 1872 sed

382 1914 480 1980 etiam
496 1914 534 1980 de
556 1913 649 1979 novis
670 1914 767 1981 rebus
786 1915 950 1981 veteribus
972 1937 1011 1980 ex
1032 1914 1144 1981 eodem
1166 1936 1285 2002 genere
1305 1937 1437 2001 prorsus
1458 1914 1553 1980 dissi·

382 2020 523 2088 milibus.
558 2020 643 2087 Usus
665 2026 751 2089 certe
774 2023 820 2089 sic
842 2027 892 2090 est
913 2044 991 2090 voce
1012 2022 1046 2087 in
1068 2021 1227 2109 Metaphr.
1250 2028 1286 2087 N
1300 2029 1367 2104 138,
1386 2023 1444 2089 ubi
1466 2022 1553 2107 qnod

368 2130 416 2194 ¹in
445 2127 624 2216 Evangelio
657 2134 707 2195 est
730 2125 869 2217 ἐντολὴν
894 2128 1015 2218 καινὴν
1041 2126 1166 2214 δίδωμι
1191 2126 1282 2215 ύμῖν,
1317 2131 1371 2195 ἵνα
1401 2124 1554 2216 ἀγαπᾶτε

382 2228 551 2323 ἀλλήλους
570 2274 610 2284 -
632 2237 678 2302 εἰσ
689 2236 828 2304 reddidit
841 2231 1026 2324 ὁπλοτέρην
1041 2232 1076 2303 έν
1097 2232 1224 2304 άπασιν
1245 2231 1455 2328 ἐφημοσύνην
1476 2232 1554 2303 ata-

318 2354 364 2405 182
381 2339 496 2411 τέλλω.
542 2345 692 2413 Ceterum
717 2346 745 2411 si
772 2346 924 2434 Riglerus
953 2350 1006 2425 38,
1038 2352 1096 2415 113
1133 2343 1323 2434 <παρθίνον
1352 2340 1553 2431 ὁπλοτέρην)

381 2453 520 2539 explicat
532 2453 672 2541 puellum
691 2456 881 2535 „teneram“,
904 2455 966 2521 iste
988 2454 1119 2539 quidem
1140 2456 1231 2523 locus
1252 2479 1319 2523 non
1340 2457 1469 2539 integer
1489 2457 1553 2519 est:

382 2561 500 2628 excidit
519 2562 655 2631 fortasse
676 2588 795 2633 versus.
835 2562 874 2631 In
894 2563 1093 2630 restituendo
1115 2565 1143 2630 si
1165 2566 1237 2651 quis
1256 2564 1464 2650 periclitetur,
1484 2586 1552 2629 me-

381 2670 512 2736 minerit
537 2664 722 2760 ὁπλοτέρην
747 2673 893 2759 potuisse
924 2673 1022 2738 etiam
1048 2694 1144 2740 sensu
1172 2673 1356 2759 superlativi
1383 2673 1452 2739 dici
1499 2670 1552 2738 Sic

382 2777 503 2844 dicbrm
525 2782 575 2844 est
593 2787 621 2859 5,
636 2786 712 2849 202:
733 2784 809 2866 post
829 2785 896 2847 tres
918 2781 1030 2848 Cadmi
1050 2780 1134 2847 filias
1156 2803 1195 2848 ex
1215 2781 1327 2848 ordine
1349 2784 1552 2848 enumeratas

380 2885 426 2951 sio
447 2887 567 2973 pergit:
588 2884 646 2952 καί
665 2881 823 2969 Χαρίτων
843 2881 992 2971 ’ίνδαλμα
1013 2882 1251 2976 ποθοβλητοισ
1272 2884 1457 2974 προσώπου
1470 2884 1553 2974 Ζηνί

380 2988 615 3081 φυλασσομένη
636 2989 765 3081 Σεμέλη
793 2989 959 3083 βλάστησε
985 2989 1123 3083 τετάρτη
1150 2991 1356 3081 θυγατέρων·
1388 2987 1493 3085 μούνη
1515 2990 1552 3058 δὲ

379 3096 437 3165 καὶ
457 3093 623 3190 ὁπλοτέρη
637 3124 701 3186 περ
720 3097 819 3191 ἐούση
842 3102 947 3170 δῶκεν
968 3096 1142 3190 ἀνικήτοιο
1161 3099 1261 3192 φύσις
1279 3099 1449 3192 πρεσβηϊα
1468 3123 1552 3187 μορ-

380 3209 457 3294 φῆς.
499 3209 613 3277 Potuit
637 3210 700 3276 hoc
725 3212 766 3278 ab
788 3211 964 3298 Apollonio
992 3235 1050 3280 sno
1076 3235 1218 3297 sumere,
1249 3215 1304 3299 qui
1325 3211 1341 3278 I
1362 3217 1402 3281 43
1429 3211 1551 3278 dixerat

379 3305 417 3394 ὃς
436 3314 516 3402 πρὶν
535 3314 596 3400 μὲν
618 3314 819 3402 ἐρισθενέων
833 3314 1048 3401 Λαπιθάων,
1072 3314 1205 3389 ὁππότε
1219 3314 1421 3405 Κενταύροις
1433 3314 1550 3385 Λαπί-

377 3428 445 3490 θαι
468 3409 764 3514 έπεθωρήσσοντὸ,
792 3421 975 3515 ὁπλότερος
998 3424 1172 3513 πολέμιζε·
1203 3421 1270 3496 τότ’
1294 3418 1337 3494 at
1360 3421 1551 3513 βαρύθεσκέ

379 3527 411 3598 ολ
437 3524 501 3621 ἤδη
530 3536 607 3618 μυῖα
639 3553 677 3585 -·-
709 3537 742 3603 h.
769 3560 796 3606 e.
821 3537 1032 3623 Lapitharum
1057 3544 1136 3605 natu
1165 3538 1326 3604 minimus.
1354 3537 1551 3603 -Praeter

377 3641 467 3708 illam
488 3638 664 3726 παρθένον
685 3639 870 3734 ὁπλοτέρην
889 3646 1038 3732 Riglerus
1063 3655 1116 3728 15,
1138 3654 1198 3717 375
1221 3639 1409 3732 ὁπλοτάτην
1430 3638 1550 3730 κούρην

376 3751 600 3830 „tenerrimam
625 3754 783 3840 puellam“
811 3776 883 3822 esse
908 3755 1020 3824 voluit.
1062 3754 1127 3824 Sed
1152 3757 1186 3822 id
1211 3777 1285 3823 cum
1311 3776 1377 3821 non
1403 3753 1549 3821 videatur

376 3858 445 3925 fieri
473 3881 580 3944 posse,
605 3862 670 3928 illic
697 3885 826 3950 quoque
851 3855 1022 3949 ὁπλοτάτη
1043 3867 1252 3950 (quamquam
1274 3865 1422 3950 equidem
1440 3863 1549 3948 polius

377 3966 566 4034 crediderim
593 3992 631 4036 eo
654 3993 786 4058 quoque
807 3970 881 4038 loco
902 3972 1012 4058 potius
1033 3971 1137 4038 forma
1158 3973 1220 4039 sibi
1241 3972 1362 4039 usitata
1384 3965 1548 4058 ὁπλοτέρη

376 4095 472 4141 usum
486 4079 569 4165 esse)
592 4078 789 4166 significabit
802 4084 860 4146 aut
880 4081 1025 4147 omnium
1046 4103 1129 4166 quae
1150 4085 1226 4146 ante
1248 4082 1451 4146 enumeratae
1471 4082 1549 4144 sunt
1570 4069 1575 4084 ’

376 4182 567 4252 feminarum
599 4192 656 4254 aut
680 4186 843 4254 Naiadum
870 4194 949 4254 natu
981 4189 1123 4256 minima
1149 4226 1190 4236 —
1215 4186 1409 4275 Negleotum
1443 4186 1548 4252 adhuc

375 4290 438 4358 hoc
452 4294 643 4361 vocabulum
658 4295 699 4361 ab
713 4294 951 4381 lexicographis
969 4297 1097 4363 nostris.
1134 4295 1188 4364 Sic
1202 4318 1269 4362 non
1284 4295 1425 4362 alienum
1443 4296 1548 4360 visum

375 4398 455 4466 haec
476 4407 562 4469 certe
584 4424 667 4488 quae
689 4426 723 4470 se
746 4402 923 4470 offerebant
943 4402 996 4469 hic
1016 4408 1138 4472 notare.
