3425 4934
367 299 427 361 342
664 288 697 348 V.
720 288 762 344 De
779 287 882 344 criticis
899 286 1054 345 Aristarchi
1070 286 1235 345 mtionibns.

366 457 553 544 prosiluisse
568 458 625 523 sed
646 479 728 542 quos
750 457 882 542 quidem
903 458 972 523 sinc
994 458 1171 523 carminum
1194 456 1386 522 detrimento
1409 459 1539 541 putaret

367 567 495 634 defendi
523 586 619 650 posse
647 566 786 632 retinere
817 565 970 632 moluisse
997 569 1157 652 putemus.
1207 562 1279 643 Quo
1313 563 1377 629 alia
1407 586 1538 648 quoquc

367 676 498 755 ducunt,
520 695 602 758 quae
622 674 751 759 egregia
772 678 856 739 sunt.
890 672 1145 759 Agamemnonis
1167 671 1295 760 gladius
1316 674 1346 734 Β
1360 678 1400 739 45
1423 671 1540 737 dicitur

367 774 624 868 ἀργορόηλος,
654 782 711 849 sed
735 783 774 846 Α
795 787 834 850 29
857 776 893 846 ἐν
913 776 952 846 δέ
973 775 1005 847 οἱ
1027 768 1108 868 ἧλοι
1127 772 1309 866 χρύσειοζι
1328 771 1538 868 πάμφαινον.

367 892 421 956 An
449 890 603 956 continuo
633 890 824 958 alterutrum
850 889 983 957 abiicit?
1012 889 1160 955 Minime:
1190 879 1250 973 ,ιίῆ
1275 884 1395 974 διπλῆ)
1421 882 1539 954 ὅτιτὸ

364 990 614 1083 Ἀγαμέμνονος
627 993 725 1085 ξίφος
738 1003 792 1062 νῦν
804 993 866 1081 μὲν
881 991 1095 1085 ἀργυρόηλον,
1119 993 1155 1062 ἐν
1168 989 1286 1073 ἀλλοις
1300 991 1338 1060 δὲ
1350 992 1540 1082 χρυσάηλον.

367 1103 425 1171 καὶ
450 1098 636 1192 Εὐριπίδης
661 1107 796 1192 σφυρῶν
827 1104 948 1193 σιδηρᾶ
970 1100 1089 1187 κέντρα
1118 1098 1223 1169 εἰκῶν
1250 1099 1286 1167 ἒν
1314 1095 1433 1181 ἀλλοις
1457 1100 1541 1192 φησί

366 1208 579 1297 χρυσοδέτοις
596 1207 756 1296 περόναις
776 1213 912 1300 (Phoen.
933 1219 982 1283 26.
1006 1215 1087 1297 812).
1128 1209 1169 1276 τὰ
1195 1212 1335 1277 τοιαῦτα
1363 1206 1401 1276 δὲ
1421 1205 1543 1294 κυρίως

370 1315 408 1388 οὐ
424 1316 565 1406 λέγεται,
580 1312 667 1385 ἀλλὰ
678 1316 748 1386 κατ’
765 1315 935 1411 ἀντιφοράν
949 1316 1020 1386 ἐστι
1033 1321 1212 1407 ποιητικῆς
1225 1310 1407 1405 ἀρεσκείας.
1426 1313 1540 1403 ῶσπερ

369 1425 468 1494 δὲτὰ
489 1425 567 1514 περὶ
587 1426 646 1493 τὸν
668 1422 810 1512 θώρακα
831 1426 889 1493 καὶ
908 1426 969 1516 τὴν
996 1421 1126 1494 ἀσπίδα
1148 1419 1398 1516 διαφορώτερον
1419 1419 1541 1513 φράζει

369 1538 425 1618 (sc.
439 1534 476 1604 Π.
490 1538 552 1620 Λ),
578 1530 663 1601 οὕτω
684 1533 742 1601 καὶ
761 1533 800 1602 τὸ
817 1520 921 1623 ’ξίφος
940 1539 1091 1618 κοσμεῖίί.
1127 1535 1213 1602 Hinc
1234 1534 1359 1601 discant
1376 1532 1540 1600 Wolfinni.

368 1642 451 1710 Item
473 1648 510 1707 N
520 1648 580 1712 365
602 1644 780 1711 Cassandra
801 1644 892 1710 audit
906 1639 1080 1730 Πριάμοιο
1102 1645 1278 1727 θυγατρῶν
1298 1631 1388 1718 εἶδος
1409 1633 1539 1727 ἀρίστη,

370 1756 483 1819 contra
507 1757 540 1815 Z
563 1754 624 1820 252
648 1751 799 1819 Laodice:
834 1745 894 1838 „sti
923 1750 1042 1838 διπλῆ)
1067 1745 1120 1817 ὅτι
1146 1751 1201 1813 νῦν
1228 1744 1289 1832 μὲν
1319 1739 1567 1834 Κασσάνδραν

368 1848 481 1943 ,εἶδος
494 1851 660 1946 ἀρίστηνίί,
678 1856 714 1925 ἐν
728 1854 846 1938 ἀλλοις
861 1856 970 1946 δὲτὴν
984 1852 1173 1945 Λαοδίκην,
1191 1853 1248 1922 καὶ
1262 1849 1301 1922 οά
1315 1849 1477 1937 μάχεταί(
1485 1856 1542 1920 ²⁴⁶.

304 1973 353 2025 348
370 1967 417 2034 tf.
436 1969 465 2029 Y
476 1972 536 2035 233
552 1961 584 2053 (ἡ
602 1964 720 2055 διπλῆ)
741 1962 794 2036 ὅτι
808 1960 854 2045 ῶς
869 1960 910 2032 ἀν
930 1959 1058 2055 ἀρμόζη
1078 1963 1166 2051 πρὸς
1184 1962 1223 2031 τὸ
1238 1957 1403 2050 ἐγκώμιον
1422 1959 1542 2049 τίθησι

369 2072 407 2140 τὸ
429 2067 620 2153 κάλλιστος·
651 2073 708 2141 καὶ
729 2073 792 2161 γὰρ
814 2067 939 2153 ἀλλους
958 2069 1155 2151 καλλίστους
1177 2068 1273 2156 λέγει.
1296 2114 1336 2125 -
1356 2071 1439 2138 Illud
1459 2094 1541 2157 quo·

371 2206 434 2269 que
455 2184 518 2250 hoo
539 2183 610 2250 loco
631 2188 718 2250 recte
737 2184 1049 2251 commemorabitur.
1084 2183 1246 2249 Homerus
1260 2204 1327 2248 non
1341 2181 1433 2247 novit
1446 2201 1542 2246 voca·

370 2291 484 2357 bulum
506 2285 614 2374 νόμος.
657 2291 722 2359 Sed
742 2315 761 2373 ρ
782 2296 844 2360 487
865 2296 916 2357 est
936 2290 1094 2358 eiusmodi
1114 2312 1238 2357 versus:

757 2394 862 2482 (dect)
884 2394 1122 2486 ἐπιστρωφῶσι
1143 2394 1281 2484 πόληας,

454 2498 647 2589 ἀνθρώπων
667 2503 764 2591 ὕβριν
782 2528 819 2571 τε
840 2503 898 2570 καὶ
918 2498 1074 2593 εὐνομίην
1094 2500 1285 2593 ἀφορῶντες.

289 2628 360 2699 (σοί)
373 2613 460 2694 Quid
484 2614 617 2701 pronius
644 2637 741 2700 quam
770 2615 915 2701 spurium
944 2613 1049 2681 dicore
1075 2637 1148 2681 cum
1168 2614 1329 2681 Homerus
1349 2637 1418 2683 voc.
1441 2608 1545 2697 νόμος

370 2722 514 2789 nesciat?
546 2720 620 2789 Sive
645 2723 798 2808 probabis
824 2724 890 2789 sive
915 2723 1113 2809 improbabis
1141 2723 1229 2808 quod
1256 2723 1311 2788 Ar.
1341 2722 1445 2803 affert,
1476 2725 1542 2791 dno

371 2832 507 2898 dicenda
536 2834 624 2911 sunt,
655 2830 795 2916 primum
823 2830 1070 2898 subtilissimum
1098 2831 1202 2895 virum
1230 2829 1344 2908 fuisse,
1378 2831 1434 2915 qui
1460 2831 1543 2897 nihil

370 2940 437 3006 fere
460 2939 588 3017 dixerit,
618 2939 696 3024 quin
718 2938 814 3005 hodie
837 2939 996 3005 discamus
1018 2938 1142 3024 aliquid
1157 2938 1210 3004 vel
1230 2939 1387 3005 excitetur
1408 2939 1543 3017 animus,

372 3048 446 3113 dein
468 3050 642 3131 antequam
664 3045 794 3112 obelum
815 3049 1044 3132 contorqueret
1063 3046 1167 3113 multa
1186 3046 1407 3132 perpendisse:
1433 3040 1463 3111 εἰ
1481 3043 1544 3129 μὲν

372 3143 429 3220 οὖν
447 3149 555 3220 καὶτὸ
577 3145 684 3237 δ’νομα
704 3156 764 3219 τοῦ
781 3145 884 3237 νόμον
905 3143 947 3240 ἦν
969 3146 1038 3219 κατ’
1063 3146 1164 3222 αὐτὸν
1185 3149 1219 3219 ἐν
1240 3146 1365 3240 χρήσει,
1391 3145 1450 3219 οὖν
1472 3147 1543 3219 ἔστι

370 3262 489 3349 σαφῶς
503 3257 737 3346 διορίσασθαι·
759 3256 791 3328 οἳ
805 3256 866 3345 μὲν
885 3255 947 3347 γάρ
970 3281 1055 3353 φασι
1076 3260 1180 3350 δῆλον
1201 3254 1300 3327 αὐτὸν
1321 3244 1407 3326 εἶναι
1428 3255 1543 3329 εἰδότα

369 3362 516 3452 τοίίνομα
541 3371 601 3433 τοῦ
627 3365 729 3452 νόμον
759 3366 794 3436 ἐν
819 3372 868 3457 τῷ
889 3363 996 3435 εἰπεῖν
1017 3361 1235 3454 ,ἀνθρώπων
1255 3364 1351 3456 ὕβριν
1371 3366 1429 3434 καὶ
1449 3362 1543 3434 sivo-

369 3472 449 3564 μίην
462 3473 681 3566 ἀφορῶντεςίί.
713 3470 929 3563 Ἀρίσταρχος
946 3473 984 3543 δὲ
1004 3470 1103 3565 ᾠήθη
1123 3474 1185 3561 τὴν
1206 3470 1363 3559 εὐνομίαν
1384 3469 1544 3563 είρῆσθαι

371 3581 465 3668 παρὰ
487 3582 525 3650 τὸ
548 3575 584 3650 εδ
605 3582 834 3669 νέμεσδαιλίί.
871 3585 1018 3652 Tradidit
1037 3584 1121 3651 Plut
1144 3585 1198 3651 vit.
1221 3585 1316 3653 Hom.
1339 3584 1387 3671 <Il
1407 3609 1432 3654 c.
1457 3588 1542 3672 175).

436 3771 476 3812 2⁴⁶
491 3768 592 3824 Addit:
609 3766 672 3839 ηδε
684 3761 820 3841 ἀναφορὰ
831 3762 906 3841 πρὸς
921 3767 991 3832 τοὺς
1005 3770 1197 3841 χωρίζοντας
1215 3760 1314 3826 λύεται
1330 3763 1388 3840 γὰρ
1405 3776 1469 3835 τοῖς
1483 3782 1543 3828 τοι·

372 3847 473 3919 σίτοις
490 3847 540 3925 (τὸ
556 3852 709 3925 πρόβλημα
726 3852 771 3909 vel
787 3847 824 3910 τά
841 3852 965 3910 ἐκείνων
981 3844 1157 3925 ἀπορήματα
1175 3853 1336 3909 addendum
1353 3872 1411 3911 esse
1423 3854 1544 3912 coniecit

372 3937 570 3994 Friedlncnder
586 3937 708 3993 Ariston.
727 3956 755 4009 p.
773 3940 845 4008 220).

439 4025 478 4066 Μ
494 4022 535 4078 of.
552 4020 719 4093 οἰκωφελίη,
738 4023 814 4093 quod
824 4022 900 4079 haud
914 4021 999 4077 dubie
1012 4025 1054 4077 est
1070 4022 1106 4076 ab
1125 4014 1210 4077 οίκον
1228 4013 1371 4091 ὀφέλλειν.
1401 4020 1542 4093 ιδηγεσίη.

373 4100 557 4178 εὐθημοσάνη
574 4109 604 4163 et
620 4100 848 4177 κακοθημοσύνη
870 4106 947 4179 apud
964 4105 1125 4162 Hesiodum.
1146 4136 1181 4146 -
1202 4105 1253 4161 Est
1273 4122 1377 4162 nomen
1398 4108 1543 4179 proprium

366 4185 505 4260 Ἔννομος
520 4193 547 4246 Β
564 4196 621 4248 858,
645 4194 671 4247 Ρ
684 4195 741 4247 218.
768 4195 794 4247 Δ
812 4194 870 4249 422.
904 4191 1007 4269 lnhoc
1025 4186 1116 4260 νόμος
1137 4207 1194 4246 non
1213 4190 1301 4261 magis
1318 4191 1392 4246 inest
1409 4208 1493 4262 quom
1511 4192 1544 4247 in

370 4269 549 4346 Ἀμφίνομος.
578 4275 633 4331 Sed
650 4292 687 4331 ne
703 4275 751 4331 ille
768 4277 890 4344 Νομίαν
906 4277 1057 4344 Νομίονος
1073 4273 1187 4344 quidem
1204 4274 1253 4345 qui
1270 4277 1313 4331 est
1328 4278 1355 4331 B
1367 4280 1414 4333 871
1435 4276 1465 4331 in
1484 4294 1542 4332 ver-

372 4360 447 4416 sibus
464 4358 586 4431 cetnlogi
597 4359 712 4416 'l'roisui
729 4359 896 4431 quibusdum
912 4361 1064 4431 praecipue
1081 4359 1215 4430 suspectis
1233 4358 1297 4415 visis
1315 4360 1351 4432 (v.
1363 4360 1429 4420 Luc.
1440 4361 1544 4418 Mdller
