3425 4934
350 342 390 402 52
434 334 467 387 H.
498 331 539 387 De
557 332 733 388 Aristarcbea
749 331 949 387 vocabulorum
965 331 1174 389 Homerioomm
1192 332 1429 403 interpretatione.

350 523 446 586 saepe
463 499 671 585 perlustrans,
694 522 832 584 quorum
845 499 1031 567 laetabilem
1046 503 1173 588 copiam
1186 502 1274 567 bona
1295 502 1433 567 servavit
1453 501 1521 566 for·

350 615 438 691 tuna,
458 609 545 674 visus
559 628 631 673 sum
645 607 725 671 mibi
747 608 840 691 quasi
861 608 896 672 in
916 608 1063 675 intimam
1084 611 1220 676 istorum
1239 609 1522 696 grammaticorum

349 716 504 781 fabricam
518 714 685 801 inspicere.
711 714 856 800 Apparet
870 716 904 779 in
918 717 1076 802 magistro
1091 717 1205 782 sollers
1219 717 1395 803 ingenium,
1410 721 1522 782 exacta

350 822 533 908 diligentia,
560 845 611 887 ars
640 826 673 886 et
696 821 779 886 ratio
807 844 910 907 paene
939 828 1161 889 consummata
1182 827 1215 889 et
1234 824 1332 889 hodic
1353 827 1404 889 tot
1423 824 1521 890 inter·

349 930 465 1015 positis
486 928 623 994 sacculis
643 929 678 993 in
699 929 809 1014 paucis
830 929 976 995 reiicula:
1004 935 1138 1016 apparot
1159 932 1192 996 in
1213 930 1378 1015 discipulis
1400 935 1523 1015 quanta

349 1038 463 1103 harum
484 1036 640 1101 virtutum
661 1035 760 1101 fuerit
779 1038 958 1121 persuasio,
988 1043 1109 1124 quanta
1136 1039 1171 1103 in
1192 1038 1382 1127 colligendis
1404 1039 1521 1103 summi

350 1144 491 1210 doctoris
515 1144 795 1210 observationibus
815 1144 984 1224 sedulitas,
1011 1169 1090 1231 quas
1112 1150 1221 1212 tamen
1242 1146 1360 1231 partim
1380 1168 1435 1211 ore
1457 1149 1521 1210 tra·

350 1251 433 1316 ditas
458 1251 575 1336 partim
599 1272 658 1336 per
683 1252 931 1317 commentarios
957 1254 1093 1338 sparsim
1115 1254 1263 1319 disiectas
1287 1274 1522 1336 nonnunquam

350 1358 391 1425 ab
413 1381 461 1435 εο,
483 1357 571 1443 quod
593 1361 706 1424 auctor
729 1358 791 1424 sibi
812 1358 966 1438 voluerat,
988 1362 1088 1427 nescii
1109 1361 1290 1428 deflectant.

433 1465 563 1552 Triplex
585 1465 624 1531 de
645 1465 743 1530 verbo
764 1461 901 1547 βάλλειν
922 1468 1100 1534 Aristarchi
1122 1468 1303 1535 observatio
1326 1471 1384 1533 est.

432 1572 458 1642 I.
491 1565 638 1638 Βάλλειν
662 1593 730 1638 non
758 1573 876 1639 dicitnr
896 1574 959 1640 nisi
985 1576 1025 1642 dc
1046 1577 1140 1642 hasta
1160 1575 1212 1641 vel
1240 1575 1360 1661 sagitta
1381 1576 1432 1641 vel
1454 1597 1521 1640 orn·

349 1683 427 1748 nino
454 1682 493 1746 de
523 1681 638 1747 missili
664 1680 751 1765 quod
782 1682 908 1747 eminus
934 1683 1083 1763 iactatur,
1109 1685 1219 1767 itaque
1246 1683 1456 1768 distinguitur
1480 1684 1521 1749 ab

284 1793 338 1863 (οι)
352 1781 504 1866 οὐτάσαι,
527 1781 654 1877 τύψαι,
675 1783 777 1867 νύξαι,
795 1785 930 1876 πλῆξαι,
953 1813 1035 1875 quae
1057 1795 1169 1856 contra
1190 1812 1351 1875 nusquam
1372 1790 1523 1855 dicuntur

349 1896 412 1963 nisi
437 1897 476 1962 de
497 1895 685 1963 vulneribus
712 1896 858 1962 cominus
880 1897 989 1964 illatis.
1031 1898 1122 1965 Idem
1142 1898 1229 1964 valet
1250 1897 1289 1963 de
1312 1896 1521 1963 substantivis

347 2000 457 2087 βέλος,
481 1997 578 2093 βολή,
602 1996 732 2092 ὥτειλή.

430 2112 516 2179 Εεσε
537 2114 724 2181 testimonia
744 2114 929 2180 Aristonici
965 2117 997 2177 Δ
1015 2118 1076 2182 540
1099 2104 1244 2199 άβλητος
1264 2109 1322 2177 καὶ
1342 2104 1524 2190 ἀνούτατος

348 2214 422 2301 ὀξέϊ
430 2219 561 2307 χαλκῷτ
581 2213 614 2306 (ἦ
632 2219 750 2309 διπλῆ)
772 2216 826 2286 ὅτι
841 2216 1017 2285 διέσταλκε
1035 2218 1074 2287 τὸ
1098 2211 1240 2286 οὐτάσαι
1261 2216 1319 2286 καὶ
1337 2217 1375 2286 τὸ
1396 2218 1522 2303 βαλεῖν.

348 2332 450 2398 Ε147
472 2326 559 2415 πρὸς
575 2327 634 2418 τὴν
656 2325 828 2416 διαφορὰν
847 2331 907 2393 τοῦ
928 2325 1035 2416 πλῆξε
1055 2325 1112 2393 καὶ
1134 2322 1262 2412 ἔβαλεν,
1286 2323 1340 2394 ὅτι
1358 2325 1394 2392 da
1413 2325 1524 2410 χειρὸς

349 2433 520 2516 ἐπάταξεν.
563 2440 602 2501 Λ
625 2444 682 2505 191
710 2429 730 2524 ἢ
758 2432 852 2522 δουρὶ
879 2432 994 2514 τυπεὶς
1018 2427 1039 2524 ἢ
1064 2429 1229 2524 βλήμενος
1253 2428 1315 2521 tp.-
1344 2428 1376 2522 (ἡ
1405 2434 1523 2524 διπλῆ)

348 2541 434 2630 πρὸς
457 2542 514 2632 τήν
540 2540 709 2631 διαφοράν
733 2546 792 2608 τοῦ
815 2537 925 2632 τύψαι
951 2540 1009 2609 καὶ
1035 2542 1160 2626 βαλεῖν.
1202 2539 1313 2612 Ξ424
1336 2535 1408 2607 ἀλλ’
1433 2537 1524 2621 ούτις

349 2645 531 2739 ἐδυνήσατο
545 2646 691 2730 ποιμένα
709 2649 800 2716 λαῶν
814 2641 956 2715 οὐτάσαι
971 2643 1050 2717 οὐδὲ
1064 2652 1196 2735 βαλεῖνι
1217 2644 1236 2738 ή
1257 2650 1360 2738 διπλῆ
1374 2647 1428 2716 ὅτι
1449 2650 1523 2715 δια-

349 2755 479 2827 στέλλει
497 2756 535 2825 τὸ
552 2751 692 2823 οὐτάσαι
708 2755 766 2823 καὶ
786 2756 911 2841 βαλεῖν.
953 2760 1056 2829 0495
1078 2755 1242 2849 βλήμενος
1264 2752 1299 2848 ἠὲ
1318 2754 1449 2837 τυπείς·
1470 2754 1523 2823 ὅτι

349 2863 537 2935 διαστέλλει
561 2863 600 2934 τὸ
621 2862 736 2949 βαλεῖν
757 2863 814 2930 καὶ
834 2863 951 2955 τύψαι.
997 2871 1025 2930 Υ
1044 2872 1105 2936 378
1125 2867 1245 2954 μήπως
1264 2860 1292 2933 σ’
1311 2860 1354 2953 ήέ
1374 2861 1462 2956 βάλῃ
1484 2859 1524 2955 ἠέ

349 2972 466 3055 σχεδὸν
487 2968 565 3060 dicos
584 2968 691 3063 τύψῃτ
720 2965 752 3060 (ἦ
777 2972 896 3059 διπλῆ)
922 2970 976 3042 ὅτι
1003 2971 1177 3041 διέσταλκε
1201 2972 1240 3040 τὸ
1266 2973 1382 3058 βαλεῖν
1407 2972 1465 3040 καὶ
1484 2972 1522 3040 τὸ

348 3078 456 3169 τύψαι
471 3080 719 3159 διδασκαλικῶς
739 3080 904 3167 προσθεὶς
925 3076 1052 3163 σχεδόν,
1077 3071 1150 3149 οἷον
1164 3078 1292 3170 σχέδην,
1315 3078 1352 3147 ἐκ
1369 3085 1430 3148 τού
1450 3076 1525 3147 σύν-

349 3212 451 3276 εγγυς.
490 3193 592 3259 Υ462
604 3186 665 3253 τὸν
684 3184 745 3271 μέν
767 3187 862 3275 δουρὶ
881 3182 1005 3274 βαλών,
1029 3188 1089 3255 τὸν
1110 3186 1148 3255 δέ
1167 3188 1284 3270 σχεδὸν
1305 3182 1384 3275 dopo
1397 3184 1525 3278 τύψαςι

349 3292 382 3387 (ἡ
399 3296 515 3387 διπλῆ)
536 3292 589 3364 ὅτι
610 3290 715 3362 πάλιν
736 3288 1000 3364 άντιδιέστειλεν.
1040 3302 1071 3361 ‹1›
1085 3305 1146 3367 576
1161 3291 1254 3385 εἴπερ
1268 3295 1331 3384 γὰρ
1347 3292 1525 3387 φθάμενός

301 3432 333 3484 52
350 3428 409 3489 μιν
430 3397 588 3494 ἢούτάσῃ
610 3397 648 3488 ήὲ
667 3397 825 3494 βάλῃσινι
845 3403 931 3492 πρὸς
951 3398 1205 3495 άντιδιαστολήν
1224 3409 1283 3472 τοῦ
1305 3400 1447 3472 οὐτάσαι
1467 3402 1525 3472 καὶ

349 3514 511 3599 βαλοῖνΜ.
550 3518 588 3579 Χ
606 3518 647 3583 68
674 3504 749 3593 ὀξέϊ
763 3512 880 3599 χαλκῷ
899 3506 1011 3605 τύψας
1031 3507 1070 3604 ἠέ
1090 3508 1221 3598 βαλιύνι
1245 3513 1331 3601 πρὸς
1352 3512 1410 3600 τήν
1431 3507 1524 3579 άνιι-

351 3618 531 3711 διαστολήν
545 3622 631 3708 (cod.
648 3617 843 3708 διαστολὴν>
865 3625 925 3687 τοῦ
938 3623 1054 3704 βαλεῖν
1070 3619 1126 3687 καὶ
1138 3617 1256 3712 τύψαι.
1293 3623 1377 3690 Sunt
1391 3624 1522 3708 quidam

349 3732 427 3811 loci,
456 3732 514 3796 ubi
541 3752 615 3796 cum
636 3731 675 3795 de
697 3730 845 3816 pluribus
866 3732 983 3816 partim
1005 3731 1129 3797 eminus
1152 3732 1269 3817 partim
1286 3733 1433 3797 cominus
1453 3730 1524 3796 vul·

352 3839 472 3904 aeratis
486 3838 583 3905 simul
597 3860 703 3905 sermo
718 3839 775 3903 fiat
789 3837 919 3904 illorum
932 3840 1104 3905 verborum
1124 3862 1189 3905 uno
1210 3845 1308 3925 poeta
1328 3840 1524 3926 defungitur.

349 3945 394 4011 Hi
414 3946 492 4029 loci,
516 3968 557 4012 ne
579 3947 652 4032 quis
673 3950 767 4031 putet
786 3945 1017 4012 vocabulorum
1038 3946 1250 4014 differentiam
1271 3947 1360 4026 tolli,
1387 3947 1428 4013 ab
1448 3946 1524 4013 ΑΠ’-

351 4054 478 4119 stareho
494 4055 611 4120 notati:
633 4077 710 4120 usus
723 4053 821 4134 verbi,
843 4054 948 4139 qualis
964 4054 998 4119 in
1014 4054 1170 4119 eiusmodi
1191 4055 1271 4121 locis
1286 4059 1343 4134 est,
1363 4054 1397 4120 in
1412 4056 1524 4122 schola

350 4396 361 4467 (
411 4310 518 4466 ἓῗοε
540 4330 592 4382 pro
614 4314 682 4368 noto
704 4313 834 4368 sumebat
849 4311 948 4368 Strabo
966 4311 1087 4368 scribens
1104 4311 1134 4367 id
1152 4311 1228 4382 quod
1246 4312 1365 4382 legimus
1382 4312 1407 4367 X
1424 4331 1452 4383 p.
1471 4318 1522 4370 449

361 4400 394 4451 ³7
450 4439 476 4450 ..
