3425 4934
600 326 624 379 9.
653 320 694 377 Da
711 321 787 376 Ulixi
804 321 949 377 erroribus.
1299 325 1359 388 243

193 512 255 574 que
276 492 407 573 poetam
428 490 462 556 id
483 511 579 575 agere
601 494 699 575 atque
720 491 783 557 hoc
804 489 881 555 boni
903 491 1018 574 poetae
1040 485 1211 552 consilium
1232 507 1302 550 esse
1324 489 1361 551 ut

193 619 289 680 quam
321 596 459 682 plurima
490 597 629 664 doceret.
676 597 740 664 Sed
767 597 899 663 fuerunt
925 596 979 660 alii
1010 593 1216 682 elegantioris
1242 593 1361 673 iudicii,

193 703 249 786 qui
270 702 485 770 defendebant
509 709 624 790 poetae
647 705 787 772 officium
808 726 875 769 non
897 725 966 769 esse
988 702 1038 786 (ut
1057 700 1214 767 voeabula
1235 700 1276 765 ah
1297 700 1360 765 illis

193 813 328 893 sumam)
343 853 381 863 —
398 805 620 876 διδασκαλίαν
637 813 694 878 sed
707 805 931 899 ψυχαγωγίαν.
967 809 1093 875 Horum
1111 809 1260 895 princeps
1279 806 1360 872 Era-

192 917 360 985 tosthenes
381 917 499 1002 (Strab.
522 918 538 985 I
558 943 589 1006 p.
611 926 639 988 6.
661 944 692 1006 p.
714 921 776 1004 25).
818 920 871 986 Ab
894 919 994 984 altera
1014 921 1106 1002 parte
1128 916 1209 982 alios
1231 920 1360 981 secutus

192 1029 256 1092 stat
276 1025 393 1093 Strabo
407 1026 658 1095 Eratosthenem
677 1028 872 1113 impugnans
885 1028 939 1094 ¹⁵³.
967 1026 1020 1091 Ab
1042 1025 1102 1090 hac
1118 1024 1270 1110 opinione
1283 1045 1360 1108 pro·

192 1135 293 1200 fectus
320 1134 474 1221 pleraque
499 1137 540 1201 ad
567 1135 750 1202 eruditioris
776 1135 891 1201 aetatis
921 1134 1089 1199 scientiam
1116 1131 1357 1216 interpretando
1370 1138 1442 1210 (151)

191 1243 419 1309 accommodat
460 1242 514 1310 Sic
543 1237 664 1327 ἄρκτον
691 1243 829 1330 explicat
854 1235 1012 1326 ἀρκτικὸν
1035 1234 1170 1316 κύκλον,
1203 1260 1244 1304 ne
1274 1238 1360 1303 huuc

190 1352 355 1436 ignorasse
382 1352 528 1418 videatur
550 1356 661 1437 poeta,
686 1345 861 1440 ἇψόῤῥοον
882 1341 1040 1414 Ὠκεανόν
1062 1348 1101 1413 (19
1122 1347 1219 1412 maris
1240 1345 1360 1411 effluxu

191 1463 224 1524 99
243 1480 370 1525 recessu
391 1463 435 1545 (p.
457 1462 550 1545 81).
584 1457 667 1526 Item
689 1458 915 1545 geographica.
950 1454 1058 1523 Nosse
1077 1453 1258 1539 Bosporum
1274 1454 1361 1520 oim-

190 1568 340 1647 merium,
365 1565 499 1647 Istrum,
527 1589 599 1634 orus
619 1566 796 1652 Hispaniae
822 1567 866 1650 (p.
887 1570 929 1649 6).
965 1564 1051 1630 Huic
1074 1561 1217 1648 opinioni
1238 1561 1360 1646 primus

191 1676 279 1740 omni
298 1675 330 1741 vi
353 1675 524 1741 obstiterat
536 1673 777 1754 Eratosthenes,
800 1674 856 1758 qui
877 1678 1007 1759 poetam
1028 1695 1096 1740 non
1111 1670 1290 1737 doctrinam
1305 1667 1361 1733 sed

190 1781 391 1866 voluptatem
412 1781 612 1848 audientium
630 1782 825 1866 quaesivisse
840 1782 984 1848 defendit
998 1783 1131 1867 eiusque
1148 1778 1360 1845 eruditionem

190 1889 385 1955 mediocrem
408 1911 487 1956 esse.
529 1889 708 1956 Homerum
729 1890 955 1956 tantummodo
976 1891 1011 1955 in
1032 1889 1165 1957 Graecia
1186 1889 1269 1953 bene
1289 1906 1361 1950 ver·

191 2001 296 2061 satum
322 2018 406 2077 esse,
430 1997 626 2082 reliquarum
656 2019 731 2063 vero
757 1998 928 2083 regionum
953 2019 1111 2064 summam
1132 2018 1201 2062 9999
1222 1992 1360 2058 inscien-

191 2104 278 2183 tiam,
299 2126 340 2171 ne
354 2105 540 2192 Aegyptum
563 2105 694 2191 quidem
713 2104 765 2170 vel
785 2104 919 2191 Libyam
938 2107 1103 2193 cognitam
1122 2103 1250 2170 habere.
1286 2100 1358 2167 Ηοσ
1377 2113 1425 2164 211

190 2233 265 2277 vero
287 2216 415 2278 tantum
437 2213 549 2278 abesse
571 2215 608 2277 ut
628 2217 743 2299 poetae
761 2212 840 2278 vitio
855 2213 1044 2280 vertendum
1058 2213 1110 2291 sit
1129 2215 1167 2277 ut
1180 2211 1249 2296 ipse
1263 2212 1361 2294 poeta

191 2318 272 2384 nihil
290 2320 352 2384 nisi
374 2319 557 2385 auditorum
575 2320 822 2387 delectationem
843 2343 1000 2407 quaerens
1023 2321 1120 2387 etiam
1142 2320 1181 2385 de
1203 2316 1361 2383 industria

192 2426 314 2493 insulas
337 2431 372 2493 et
395 2431 496 2493 terras
517 2430 659 2494 remotas
681 2432 714 2494 et
733 2429 831 2494 miras
851 2433 1050 2496 remotorum
1069 2426 1264 2514 populorum
1285 2446 1360 2489 con·

191 2535 378 2602 suetudines
402 2535 539 2602 finxerit.
581 2535 686 2613 Quare
714 2536 836 2622 siquis
859 2536 995 2618 Circam,
1021 2535 1194 2621 Cyclopem
1220 2537 1253 2598 et
1278 2531 1359 2597 alios

192 2643 296 2709 dicere
315 2642 395 2709 velit
415 2643 472 2709 ubi
493 2642 623 2723 fuerint,
644 2666 718 2710 eum
739 2667 855 2710 vanam
877 2667 1009 2730 operam
1031 2664 1227 2710 consumere.
1256 2638 1358 2705 11111119

192 2751 317 2817 etiamsi
335 2750 541 2818 statuendum
562 2751 606 2815 sit
618 2748 746 2817 Ulixem
768 2753 850 2817 circa
866 2751 1009 2819 Siciliam
1023 2773 1153 2831 errasse,
1167 2754 1275 2815 tamen
1289 2747 1360 2813 Ho-

190 2881 315 2927 merum
335 2858 514 2925 rationibus
536 2881 619 2945 quac
639 2863 770 2945 poetam
792 2861 907 2926 decent
928 2860 1059 2926 ductum
1079 2859 1160 2924 haec
1180 2858 1215 2921 in
1228 2855 1359 2941 longius

190 2987 354 3032 removere
377 2966 525 3033 debuisse
550 2971 583 3033 et
602 2967 788 3045 removisse,
815 2990 855 3034 ne
876 2968 1036 3034 mirabilia
1056 2966 1152 3031 nimis
1171 2965 1207 3030 in
1227 2963 1360 3051 propin·

191 3096 256 3159 quo
278 3074 461 3142 acciderent
473 3076 526 3142 ¹⁵⁴.
555 3074 624 3140 Hac
645 3075 696 3141 via
716 3096 906 3161 progressus
928 3079 977 3140 991
997 3074 1208 3152 Aristarchus,
1228 3072 1288 3137 hac
1309 3071 1360 3136 via

259 3292 296 3336 ¹⁵⁸
312 3294 346 3346 In
357 3292 411 3347 hac
422 3291 585 3361 quaestione
602 3290 723 3347 maxime
734 3290 928 3362 Hipparchum
944 3294 1063 3356 secutus,
1082 3306 1108 3344 v.
1119 3309 1147 3361 p.
1161 3295 1176 3344 1
1191 3279 1363 3359 (Ἵππαρχος

190 3371 224 3432 έν
240 3384 303 3440 τοῖς
320 3371 394 3447 πρὸς
409 3371 631 3449 Ἐρατοσθένη),
647 3396 675 3448 p.
696 3383 727 3433 19
744 3378 876 3448 (πρῶτον
895 3369 924 3431 δ’
943 3373 1139 3432 ἐπισκεπτέον
1155 3365 1361 3444 Ἐρατοσθένη,

187 3459 408 3532 παρατιθέντας
425 3453 486 3528 ἅμα
504 3462 555 3516 καλ
571 3464 624 3532 τὴν
638 3453 796 3533 Ἱππάρχου
817 3461 892 3533 πρὸς
909 3454 999 3516 αὐτὸν
1015 3459 1206 3529 ἀντιλογίαν).

255 3546 294 3589 1⁵⁴
309 3563 337 3615 p.
357 3550 389 3601 18
408 3547 453 3615 (49
471 3544 536 3615 Ta).
554 3550 587 3602 28
605 3548 659 3618 (61)
676 3535 813 3619 ,ζὈμηρον
833 3549 907 3617 μήτε
929 3544 1037 3602 εἰδέναι
1060 3548 1154 3599 ταῦτα
1170 3546 1244 3613 μήτε
1261 3541 1361 3611 totla-

190 3631 262 3685 σθαι
279 3627 313 3685 έν
328 3628 490 3700 γνωρίμοις
505 3631 610 3695 τέτιοις
626 3638 724 3687 ποιεῖν
741 3633 793 3700 την
809 3631 946 3700 πῖάνην.“
975 3649 1003 3701 p.
1020 3633 1053 3684 26
1071 3628 1125 3699 (19)
1143 3623 1302 3698 ,ὑπολάβοι
1318 3642 1363 3689 τις

190 3708 228 3768 ἂν
239 3706 292 3769 τὸν
302 3717 425 3786 ποιητην
440 3715 600 3788 βούλεσθαι
621 3713 677 3783 μέν
692 3711 725 3772 έν
741 3723 804 3778 τοῖς
820 3716 1048 3785 πρυοεσπερέοις
1064 3711 1167 3777 τόποις
1185 3716 1237 3783 την
1252 3711 1363 3780 πλάνην

190 3801 234 3871 τῷ
249 3789 379 3854 Ὀδυσσεῖ
396 3805 508 3855 ποιεῖν·
535 3791 696 3870 ἀποστῆναι
718 3789 745 3854 d‘
769 3790 827 3855 ἀπὸ
849 3803 910 3854 τῶν
931 3794 1147 3866 ὑποκειμένων,
1175 3794 1288 3864 τὰμὲν
1309 3796 1363 3852 οὐκ

191 3872 320 3952 ἀκριβῶς
335 3882 530 3951 πεπυσμένον,
547 3882 584 3939 τὰ
601 3880 634 3938 dt
652 3879 721 3938 οέέέ
737 3875 939 3954 προελόμενον
955 3876 1057 3947 οὕτως,
1076 3874 1136 3937 ἀλλ’
1152 3876 1202 3937 ἐπὶ
1217 3874 1253 3936 τὸ
1270 3874 1364 3936 δεινό-

190 3981 280 4037 τερον
294 3968 345 4021 καὶ
355 3960 391 4022 τὸ
407 3966 665 4039 τερατωδέστερον
675 3959 786 4023 ἕκαστα
802 3960 943 4037 έξυὶγειν.“
968 3971 1002 4023 28
1011 3970 1065 4036 (11)
1074 3964 1234 4036 squHp.
1246 3969 1304 4019 298.
1312 3968 1362 4019 299

191 4050 253 4121 (854
270 4051 350 4121 sqq).
382 4050 490 4122 Lepida
512 4051 572 4107 eius
592 4050 678 4107 verba
698 4052 765 4106 aunt
784 4068 812 4121 p.
830 4056 863 4106 24
881 4051 936 4123 (64)
955 4047 1032 4117 ,τότ’
1056 4046 1093 4107 ἂν
1111 4050 1207 4121 εὑρεῖν
1222 4068 1288 4104 τινα
1304 4054 1364 4104 ποῦ

190 4126 342 4201 Ὀδυσσεὺς
357 4128 539 4206 πεπλάνηται
559 4131 633 4192 ὅταν
654 4130 725 4206 εέρη
745 4129 799 4191 τὸν
820 4135 928 4191 σκυτέα
950 4128 1003 4191 τόν
1025 4127 1219 4206 ουρῤυέψαντα
1235 4128 1288 4189 τὸν
1304 4139 1365 4189 τῶν

190 4215 310 4288 α’νέμων
327 4212 444 4275 saxos
473 4219 555 4276 Unde
565 4223 647 4291 patet
657 4237 742 4290 quam
754 4218 781 4275 ei
796 4218 938 4275 mntraria
954 4236 1020 4290 pars
1036 4217 1155 4273 ridicula
1171 4219 1231 4274 visa
1247 4219 1291 4275 sit
1317 4218 1359 4274 De

190 4320 327 4360 consensu
345 4300 551 4374 Eratosthenis,
573 4303 734 4371 Aristarchi,
755 4304 920 4375 Apollodori
943 4321 970 4358 v.
988 4306 1102 4374 praeter
1123 4319 1157 4358 ea
1179 4320 1252 4373 quae
1269 4307 1363 4359 textus

190 4391 285 4446 noster
306 4388 394 4446 habet
414 4389 535 4448 maxims
555 4409 585 4462 p.
602 4395 632 4447 81
652 4391 717 4461 (81).
746 4389 800 4446 Vll
822 4395 871 4446 298
889 4391 968 4460 (ets).
999 4392 1051 4445 299
1073 4389 1146 4459 (398)
1167 4384 1221 4455 ,τὰ
1240 4392 1363 4446 πλεῖστα

1102 4473 1154 4528 16*
