3425 4934
351 335 392 398 68
433 327 469 381 ΙΙ.
498 326 539 382 De
557 325 737 381 Aristarchea
752 324 952 380 vocabulorum
968 323 1178 379 Homericorum
1195 322 1435 394 interpretatione.

297 500 329 550 ⁶7
349 496 515 581 Oppianus
529 495 717 578 perturbare
739 493 800 558 sibi
821 514 888 557 nou
909 492 1016 557 minus
1038 515 1135 578 quam
1155 492 1286 577 tragicis
1306 491 1401 556 licere
1424 491 1519 573 puta·

346 603 406 683 vit,
425 602 513 668 haud
532 602 664 688 ignarus
690 600 745 666 ille
763 601 860 686 prisci
883 600 1040 665 sermonis
1060 600 1276 684 proprietatis.
1312 600 1342 661 E
1359 603 1422 666 260
1444 592 1519 679 ἄγχι

279 715 336 785 (80)
349 706 386 774 δὲ
411 712 504 794 θήρα
532 700 709 791 βάλλοοσ’,
743 700 933 786 οὕτοίζουσι.
962 744 1001 756 -
1028 704 1138 783 Quint.
1163 704 1227 771 Sm
1252 712 1290 769 A
1316 712 1375 772 271
1403 696 1462 767 καί
1488 694 1517 787 ῥ’

344 810 445 899 ἔβαλε
468 810 657 882 Σθενέλοιο
688 808 876 880 καταντίον·
908 806 979 878 οὐδ’
1010 808 1075 898 ἄρα
1103 808 1223 897 τόνγε
1257 808 1401 877 οὔτασεν.
1435 809 1519 876 Item

345 928 376 988 Γ
394 930 443 993 62.
468 927 507 987 H
527 932 594 991 117.
626 926 725 991 1275
747 922 800 1006 (cf.
822 925 904 1006 240).
943 922 1041 1005 Apud
1064 922 1202 987 eundem
1224 920 1364 1007 legimus
1390 913 1520 1003 πλήξας

342 1026 511 1117 χερμαδίῳ
528 1034 568 1094 Η
578 1037 618 1097 94
633 1034 666 1097 et
679 1022 808 1117 πληγαί
821 1031 860 1096 de
879 1030 972 1095 iactis
994 1028 1156 1113 lapidibus
1171 1031 1227 1091 [A
1244 1034 1310 1097 120.
1344 1025 1414 1092 Nec
1435 1024 1517 1090 illud

344 1140 565 1206 Homericum:
579 1130 732 1202 θείνοοσι
746 1132 931 1224 σιδηρείησι
945 1136 1064 1225 βσλῇσι
1079 1136 1162 1222 0pp.
1177 1135 1249 1202 Hel.
1269 1137 1297 1198 Ε
1302 1143 1372 1204 401.
1387 1133 1519 1198 Etenim

344 1247 407 1311 hoc
429 1247 525 1312 etiam
546 1246 680 1312 verbum
701 1239 829 1310 θείνειν
845 1248 969 1310 certum
990 1244 1076 1329 apud
1096 1247 1227 1328 poetam
1248 1264 1342 1307 usum
1364 1241 1463 1306 habet
1484 1241 1518 1304 in

345 1352 454 1439 gladio
469 1353 604 1437 aliisque
618 1375 719 1437 prope
740 1352 954 1418 laedentibus.
989 1351 1040 1416 Ex
1058 1348 1180 1427 Quinto
1201 1354 1367 1435 practerea
1388 1348 1519 1413 enotavi

346 1461 433 1543 quod
459 1460 585 1526 videtur
610 1460 837 1545 apponendum
866 1481 945 1524 esse.
994 1457 1069 1524 Scil.
1097 1457 1173 1523 illae
1206 1456 1367 1523 breviores
1395 1457 1518 1523 formae

344 1552 647 1656 βλήεται,’βλήτο,
670 1565 836 1655 βλῆσθαι,
866 1561 1029 1654 βλήμενος
1049 1566 1083 1629 io
1105 1564 1286 1630 Homericis
1306 1586 1371 1630 non
1393 1564 1519 1628 inveni·

345 1678 444 1740 untur
457 1675 568 1740 nisisi
590 1676 662 1761 quis
684 1695 854 1759 percussus
877 1673 994 1739 dicitur
1014 1668 1118 1756 βέλει,
1142 1672 1357 1757 quodcunque
1379 1675 1440 1736 cst:
1462 1671 1519 1736 sed

345 1779 484 1858 Quintus
510 1782 590 1847 dixit
611 1777 776 1870 βλήμενος
801 1776 837 1846 ἓν
862 1778 990 1867 κονίῃσι
1016 1783 1045 1842 Γ
1063 1784 1133 1847 316.
1156 1781 1186 1842 Ε
1207 1785 1274 1847 184.
1296 1774 1325 1858 ς’
1348 1785 1418 1846 456.
1435 1771 1519 1865 βλή-

344 1909 443 1971 μενος
464 1884 501 1952 ἕκ
527 1883 665 1976 δίφροιο
693 1893 714 1952 Ι
742 1893 809 1957 193.
850 1889 1001 1973 Denique
1028 1885 1220 1973 βεβλῆσθαι
1247 1890 1281 1953 et
1305 1883 1519 1974 βεβολήσθαι

345 1995 525 2082 promiscue
552 1997 615 2062 dici
639 2020 660 2062 a
683 1995 932 2077 remotioribus,
965 1996 1031 2060 iam
1054 1994 1216 2061 hobeclrio
1246 1995 1452 2060 observatum
1477 1992 1519 2057 ad

344 2102 463 2189 Phryu.
485 2127 516 2187 p.
537 2109 605 2173 589.
626 2097 802 2192 (βλήμενος
824 2095 941 2186 ὂίλγεσι
960 2095 1073 2184 θυμόν
1094 2101 1154 2180 Qu.
1176 2101 1242 2169 Sm.
1266 2104 1384 2170 sose:
1406 2104 1519 2166 contra

310 2218 312 2222 ‘
345 2209 539 2296 Apollonius
561 2234 657 2277 ausus
679 2214 748 2277 erat
760 2208 776 2275 l
790 2217 852 2279 *162
867 2233 991 2277 merum
1006 2214 1040 2276 et
1054 2210 1176 2275 nudum
1190 2206 1397 2296 βεβολημένη
1413 2209 1518 2274 dicere

344 2341 404 2405 pro
422 2313 511 2404 λύπη
524 2317 698 2402 βλαβεῖσα,
723 2316 953 2400 δοσθνμοῦσα,
972 2322 1010 2383 ut
1023 2317 1214 2383 scholiastae
1229 2317 1415 2402 paraphrasi
1432 2318 1519 2380 utar:

343 2419 448 2513 μήτηρ
470 2418 555 2511 ἄμφ’
579 2417 679 2493 αὐτὸν
699 2421 929 2510 βεβολημένη.)
964 2424 1056 2489 Dixit
1069 2425 1109 2491 de
1127 2425 1238 2491 eadem
1251 2446 1286 2489 re
1300 2424 1519 2489 Buttmannus

345 2533 385 2598 ad
405 2534 494 2599 Arat.
516 2538 586 2613 492,
608 2533 664 2617 qui
684 2533 712 2597 si
732 2532 920 2612 Aristarchi,
938 2532 965 2596 si
986 2531 1140 2597 Lobeclrii
1162 2553 1287 2597 memor
1307 2531 1430 2610 fuisset,
1450 2530 1518 2595 for·

345 2644 430 2706 tasse
451 2640 578 2706 facilius
599 2640 677 2725 quid
699 2640 813 2706 doceat
831 2639 1098 2726 intelligeremus.
1121 2676 1160 2687 -

427 2748 517 2814 Haec
534 2747 680 2834 poeticae
701 2746 850 2812 dictionis
873 2747 1058 2812 discrimina
1077 2767 1273 2831 cognoscere
1295 2745 1518 2812 utilissimam:

346 2859 381 2921 et
405 2855 501 2920 velim
523 2854 681 2941 quidquid
702 2854 744 2920 ab
765 2853 909 2920 Homero
931 2856 1147 2940 posteriorum
1168 2859 1337 2940 poetarum
1358 2853 1461 2919 oratio
1483 2854 1518 2918 in

344 2962 576 3029 vocabulorum
603 2985 665 3029 usu
691 2962 798 3028 differt
818 2962 993 3048 aliquando
1020 2961 1068 3026 ita
1088 2963 1122 3026 in
1149 2985 1250 3027 uuum
1271 2960 1395 3047 colligi,
1424 2961 1518 3025 utin

344 3070 445 3135 Attici
459 3069 666 3156 vulgarisque
682 3070 839 3136 sermonis
862 3070 1076 3155 discrepantia
1096 3092 1116 3133 a
1132 3069 1294 3135 veteribus
1312 3068 1434 3133 facturn
1456 3070 1518 3131 est:

345 3198 404 3243 nos
424 3180 533 3243 tamen
554 3177 634 3241 haec
654 3177 728 3242 ideo
756 3177 820 3242 hoc
846 3177 920 3243 loco
947 3178 1193 3262 perlustramus,
1223 3176 1310 3261 quod
1336 3175 1429 3261 quasi
1457 3195 1517 3259 pro

345 3284 568 3350 Aristarcheae
599 3306 715 3370 operae
741 3285 979 3370 complemento
1008 3287 1093 3363 sunt,
1122 3285 1178 3369 qui
1199 3305 1259 3349 uec
1281 3281 1518 3348 Alexandrinos

279 3405 334 3478 (81)
347 3392 449 3457 sicubi
471 3391 512 3457 ab
534 3391 675 3457 Homero
698 3392 898 3458 desciverant
920 3394 1032 3457 notare
1052 3392 1268 3476 praetermisit
1293 3394 1344 3476 (ut
1363 3389 1398 3455 in
1419 3388 1519 3456 Calli·

344 3499 458 3564 macho
480 3498 566 3578 fecit,
586 3523 613 3565 r.
636 3499 701 3565 sch.
723 3495 756 3567 Ξ
774 3502 857 3581 499).
893 3498 1019 3564 Deinde
1039 3499 1116 3564 binc
1136 3498 1359 3586 intelligimus,
1381 3499 1422 3564 ad
1442 3499 1518 3564 Ari·

296 3630 329 3681 σε
347 3606 526 3672 starcheam
545 3606 723 3672 doctrinam
742 3607 850 3692 epicos
870 3628 999 3671 cursum
1021 3629 1116 3672 suum
1138 3606 1341 3692 dirigendum
1362 3628 1431 3671 esse
1451 3627 1519 3671 non

344 3712 515 3779 censuisse.
551 3713 646 3792 Quod
660 3715 693 3779 in
716 3713 935 3800 grammaticis
957 3717 991 3779 et
1012 3713 1269 3800 orthographicis
1290 3713 1384 3780 docte
1405 3713 1519 3780 soller-

344 3823 457 3905 terque
486 3821 716 3887 demonstravit
737 3820 891 3888 (ierhard.
919 3820 994 3888 lect.
1016 3822 1123 3906 Apoll.
1143 3846 1172 3908 p.
1195 3828 1337 3890 91-97,
1371 3820 1463 3889 Idem
1483 3822 1518 3886 in

344 3927 575 3994 vocabulorum
602 3929 896 4015 significationibus
923 3933 1063 4014 apparet.
1106 3928 1176 3995 Nec
1202 3929 1326 3994 mirum.
1364 3928 1442 3994 Non
1469 3932 1518 3995 est

346 4035 434 4119 quod
464 4034 543 4101 haec
569 4037 650 4102 istos
679 4034 732 4101 vel
764 4036 930 4121 ignorasse
965 4037 1016 4103 vel
1045 4037 1243 4122 improbasse
1270 4040 1436 4122 putemus,
1461 4037 1518 4103 sed

344 4138 536 4208 Homericos
567 4165 637 4210 esse
663 4143 855 4210 noluisse⁴².
900 4143 985 4223 Quid
1006 4147 1139 4211 censes?
1167 4144 1339 4210 nescivisse
1361 4143 1517 4222 Quintum

414 4378 439 4419 ⁴2
457 4375 498 4433 De
515 4374 766 4433 Alexandrinorum
783 4374 942 4432 imitatione
959 4375 1073 4431 Homeri
1090 4376 1184 4433 dixere
1201 4374 1324 4432 llaelrius
1336 4377 1433 4433 Choer.
1446 4374 1516 4432 vm
