3425 4934
309 337 332 387 1,
357 330 399 388 De
415 335 613 406 grammaticis,
630 336 680 407 qui
697 335 866 394 dvoratmol
882 339 913 393 et
929 339 1041 395 λυτικοί
1057 335 1126 394 dicti
1143 340 1215 393 sunt.
1284 343 1345 410 213

177 500 305 565 sorihus
331 505 500 587 proposuit
526 509 559 570 11
588 506 770 590 propositas
803 506 872 591 ipse
901 506 1069 572 dissolvis.
1112 505 1345 591 Imperatorum

177 629 253 673 vero
286 631 416 676 suorum
443 614 550 679 studia
575 614 653 698 quid
678 614 795 679 mirum
824 617 874 679 est
899 613 1011 680 servile
1035 613 1204 679 hominum
1231 614 1346 702 vulgus

177 715 357 783 aemulatos
378 723 468 785 esse?
495 719 604 790 quen.
626 726 685 788 sat.
706 720 770 787 VH
790 729 864 791 229:

469 827 533 894 Sed
554 853 611 895 vos
633 852 742 896 saevas
764 830 921 915 imponite
942 829 1041 916 leges,

301 932 347 999 Ut
366 938 566 1020 praeceptori
586 939 758 1004 verborum
776 937 892 1025 regula
912 942 1047 1017 constet,

300 1040 345 1108 Ut
365 1042 455 1129 legat
474 1044 633 1125 historias,
654 1050 801 1111 auctores
823 1046 949 1111 noverit
970 1068 1090 1126 omnes,

302 1147 471 1234 Tanquam
491 1175 617 1239 ungues
640 1154 824 1241 digitosque
846 1175 936 1220 suos:
957 1158 994 1219 ut
1014 1153 1098 1219 forte
1119 1157 1262 1239 rogatus,

301 1255 388 1322 Dum
409 1260 492 1343 petit
512 1265 569 1327 aut
588 1261 730 1327 thermas
751 1267 808 1328 aut
828 1261 954 1328 Phoebi
975 1260 1100 1338 balnea,
1123 1260 1208 1326 dicat

300 1362 468 1433 Nutricem
488 1368 657 1448 Anchisae,
677 1390 796 1434 nomen
817 1370 1019 1454 patriamque
1039 1389 1195 1433 novercae
1360 1377 1410 1428 216

302 1471 499 1553 Anchimoli3
521 1477 607 1541 dicat
627 1481 708 1562 quot
728 1477 863 1543 Acestes
883 1477 999 1542 vixerit
1019 1497 1129 1553 annos,

304 1579 392 1659 Quot
413 1581 513 1648 Siculi
531 1583 713 1671 Phrygibus
734 1585 801 1650 vini
823 1586 989 1651 donaverit
1008 1606 1114 1650 urnas.

179 1689 239 1772 (cf.
259 1687 388 1768 hucian.
409 1711 504 1755 merc.
527 1692 619 1758 cond.
642 1713 668 1759 c.
694 1695 751 1776 11.)
791 1692 877 1758 Hinc
902 1714 1037 1757 acumen
1062 1695 1111 1757 est
1132 1690 1346 1775 epigramma·

179 1798 236 1876 tis,
269 1795 357 1881 quod
388 1796 427 1861 de
453 1797 582 1865 Valerio
613 1799 735 1865 Catone
764 1799 939 1866 Bibaculus
970 1799 1109 1884 scripsit,
1139 1797 1271 1863 Sueten.
1300 1795 1344 1860 ill.

179 1926 361 1990 gramma
385 1912 435 1972 11:

302 2011 433 2078 Catonis
454 2013 560 2094 moda,
582 2013 680 2092 Galle,
702 2014 921 2081 Tusculanum

302 2118 387 2186 Tota
408 2122 546 2187 creditor
565 2123 645 2188 urbe
666 2122 860 2188 venditabat.

302 2227 411 2293 Mirati
432 2252 550 2308 sumus,
572 2230 702 2294 unicum
721 2229 922 2314 magistrum,

302 2334 471 2402 Summum
491 2337 744 2421 grammaticum,
766 2337 924 2421 optimum
944 2338 1082 2420 poetam,

307 2442 420 2509 Omnes
439 2445 554 2509 solome
569 2468 662 2529 posse
683 2446 887 2530 qrmeatrbaea

302 2550 410 2617 Unum
433 2550 561 2616 difficile
583 2551 732 2636 expedire
753 2573 882 2616 nomen.

301 2657 353 2723 En
375 2681 430 2724 cor
451 2656 616 2738 Zenodoti,
638 2681 678 2723 en
699 2659 787 2723 iecur
808 2657 955 2724 Cratetis.

177 2765 326 2850 Denique
354 2765 465 2830 eadem
489 2765 614 2832 ratione
637 2764 768 2844 Quintil.
794 2766 868 2830 inst.
896 2786 940 2829 or.
965 2762 1035 2844 12,
1064 2772 1101 2830 14
1123 2785 1153 2848 p.
1174 2768 1215 2830 28
1235 2761 1345 2828 Burni.

176 2872 427 2952 „Grammaticus
448 2894 577 2958 quoque
599 2874 638 2939 de
658 2873 814 2957 loquendi
834 2872 959 2938 ratione
981 2872 1130 2953 disserat,
1152 2870 1347 2955 1111111111

177 2981 322 3066 explebat,
350 2979 502 3046 historias
530 2985 681 3066 exponat,
709 2983 860 3064 poemata
888 2982 1039 3044 enarret“.
1086 2978 1176 3043 Haec
1202 2975 1345 3059 undique

178 3090 339 3154 resonant.
374 3086 498 3153 Laudes
513 3089 575 3153 sibi
596 3088 765 3154 videbatur
785 3086 969 3172 praedicare
991 3085 1100 3150 nescio
1122 3085 1194 3170 quis
1215 3084 1345 3168 ineptus

179 3194 406 3280 grammaticus
434 3195 473 3260 de
494 3194 622 3281 Satyro,
651 3217 725 3260 cum
750 3194 905 3260 scriberet
932 3197 995 3278 (ap.
1016 3192 1111 3258 Phot
1132 3215 1163 3277 p.
1189 3189 1270 3260 1511)
1292 3197 1344 3277 21)

178 3296 325 3386 Σάτυρος
344 3296 363 3367 ὁ
383 3294 596 3387 Ἀριστάρχου
624 3296 789 3386 γνώριμος
810 3303 904 3386 Ζῆτα
930 3296 1080 3365 ἐκαλεῖτο
1109 3295 1227 3364 διὰτὸ
1251 3295 1345 3385 ζητη-

177 3407 271 3476 τικὸν
297 3402 411 3486 αὐτοῦ,
441 3414 475 3476 11
501 3411 540 3476 de
560 3410 735 3496 Apollonio
755 3409 897 3495 Dyscolo
926 3412 1038 3474 auctor
1066 3407 1150 3472 vitae
1178 3406 1261 3487 eius,
1290 3407 1346 3490 qui

178 3519 241 3585 hcc
261 3541 441 3606 cognomen
463 3517 766 3584 excellentissimum
792 3518 1037 3603 grammaticum
1058 3518 1239 3600 reportasse
1262 3513 1347 3593 dicit,

179 3622 233 3691 ὅτι
253 3621 289 3691 ἐν
307 3630 380 3703 ταῖς
400 3620 596 3710 γυμνασίαις
614 3619 792 3701 δυσλύτους
813 3617 959 3708 ἀπορίας
979 3616 1100 3706 ἐἏεχεν·
1121 3616 1204 3698 ἔθος
1225 3617 1284 3704 γὰρ
1306 3609 1347 3706 ἦν

177 3736 249 3810 τοῖς
268 3726 419 3817 ἀρχαίοις
435 3735 557 3822 σοφοῖς
577 3725 625 3811 εἰς
646 3728 704 3796 ἕνα
724 3727 830 3796 τόπον
850 3726 1068 3812 συνέρχεσθαι
1089 3726 1146 3793 καὶ
1167 3720 1347 3813 γυμνασίας
1358 3736 1429 3808 (111)

177 3837 273 3924 χάριν
307 3832 563 3925 αἰνιγματώδεις
591 3836 686 3916 τινὰς
716 3836 774 3905 καὶ
809 3830 952 3926 ἀσαφεῖς
980 3833 1086 3917 λέξεις
1119 3832 1345 3924 φθέγγεσθαι,

179 3971 386 4036 quemquam,
412 3950 439 4014 si
466 3950 598 4014 omniuo
624 3948 765 4014 nominis
790 3947 874 4012 ratio
901 3967 921 4010 a
942 3944 1056 4011 studiis
1076 3944 1250 4029 repetenda
1272 3946 1348 4021 1111,

178 4055 296 4123 rectius
318 4057 464 4134 dixisset,
491 4055 617 4121 venisse
643 4055 673 4119 ei
699 4054 762 4120 hoc
788 4075 983 4140 cognomen,
1013 4051 1101 4136 quod
1121 4050 1219 4117 homo
1241 4050 1348 4135 mavis

178 4187 215 4230 ac
236 4164 338 4229 tristis
360 4164 401 4228 ad
419 4165 509 4229 iocos
530 4163 685 4247 lususque
706 4161 887 4226 litterarum
909 4182 982 4226 cum
1004 4158 1137 4225 cohorte
1159 4157 1347 4244 grammati·

178 4293 290 4338 corum
313 4270 501 4336 descendere
522 4269 679 4335 fastidivit
699 4270 744 4354 (v.
766 4271 888 4353 quaest.
911 4290 959 4353 ep.
981 4290 1011 4352 p.
1037 4272 1073 4334 19
1096 4265 1192 4352 sqq).

261 4376 322 4444 His
336 4377 507 4462 postulatis
522 4377 550 4443 si
568 4376 761 4463 respondere
775 4375 928 4444 volebant
950 4373 1159 4461 grammatici,
1181 4373 1208 4437 si
1230 4393 1349 4456 magna
