3425 4934
354 306 394 367 56
441 297 475 351 11.
506 295 547 352 De
565 297 743 353 Aristarchea
759 298 957 354 vocabulorum
974 296 1183 353 Homericorum
1199 293 1438 367 interpretatione.

352 470 390 530 ut
410 471 470 535 283
493 458 526 552 (ἦ
550 464 667 554 διπλῆ)
693 459 746 531 ότι
765 460 909 551 βέβληκα
928 461 967 533 τὸ
991 458 1070 551 δόρυ
1092 455 1312 545 δἈχιλλοός,
1336 456 1374 529 oi
1398 459 1524 543 νένοχεν

353 568 390 636 ἐκ
412 567 532 659 χειρός,
556 568 668 657 ὥσπερ
690 565 878 659 Ζηνόδοτος
903 567 1100 660 πεποίηκεν·
1127 568 1166 638 τὸ
1192 568 1254 657 γὰρ
1281 569 1356 656 ἄγχι
1379 573 1525 660 παγῆναι
1553 594 1555 605 ⁴

354 671 414 744 οὐκ
441 672 552 758 ἄλλως
580 673 713 766 torceii
739 677 776 746 δκ
804 676 1004 764 προθέσεως
1029 681 1128 761 (recte
1148 679 1315 746 Beklrerus
1342 680 1525 746 emendavit

352 781 521 870 προέοεως
542 788 620 874 <hoc
641 790 739 855 etiam
756 790 791 854 in
813 790 882 854 cod
904 790 996 873 est>):
1017 789 1096 854 item
1117 787 1157 852 ad
1178 794 1248 856 279.
1270 793 1340 855 346.
1375 787 1524 870 Denique

351 898 391 956 A
411 899 473 964 439
493 895 526 960 in
549 896 726 963 Aristarchi
749 897 890 963 editione
911 897 974 962 fuit

510 1024 513 1029 ’
543 1006 610 1086 γνῶ
632 996 664 1067 δ’
686 997 843 1081 Ὀδυσεὺς
865 1000 885 1067 ὅ
907 996 941 1069 οἳ
961 997 1035 1069 οότι
1054 998 1151 1080 τέλος
1170 995 1389 1085 κατακαίριον
1409 990 1526 1088 ἦλθεν.

352 1106 415 1174 Hic
429 1113 578 1175 notatum
596 1111 747 1197 legimus:
768 1105 959 1198 Ζηνόδοτος
973 1106 1010 1177 δέ
1024 1103 1145 1198 γράφει
1167 1104 1279 1191 βέλος·
1302 1101 1341 1174 οδ
1363 1105 1525 1194 βέβληται

353 1213 392 1281 δέ
402 1217 465 1301 ³³⁸,
488 1209 562 1281 ἀλλ’
586 1213 622 1283 is
643 1217 754 1305 χειρὸς
774 1214 935 1305 πέπληγε.
973 1216 1119 1295 Quocum
1141 1218 1178 1284 cf.
1200 1226 1259 1285 451

582 1327 662 1412 φθῆ
681 1345 719 1390 οε
738 1323 835 1404 τέλος
855 1319 1023 1391 θανάτοιο
1045 1322 1219 1414 κιχήμενον
1239 1347 1296 1389 -.·

353 1426 523 1519 πρόδηλον
544 1425 609 1499 κδκ
628 1429 745 1500 τούτου
767 1431 821 1499 ὅτι
842 1431 1009 1519 γραπτέον
1032 1431 1153 1513 ,βέλος
1173 1427 1417 1514 κατακαίριον“
1432 1436 1524 1513 (439).

353 1534 540 1625 Ζηνόδοτος
566 1538 603 1606 δὲ
628 1535 752 1629 γράφει
773 1536 878 1606 πόλιν
903 1544 1006 1629 „odi
1031 1562 1068 1606 os
1088 1536 1188 1625 βέλος
1208 1536 1411 1606 cosdroem.
1453 1539 1525 1605 Hoc

352 1648 440 1729 loco,
468 1653 505 1715 ut
530 1670 625 1734 saepe
647 1650 727 1715 haec
749 1650 955 1716 Aristarchea
980 1649 1104 1714 lumina
1128 1649 1273 1729 intuens,
1298 1648 1409 1714 dolore
1436 1662 1525 1712 com·

353 1777 493 1834 moveor,
514 1761 672 1840 quantum
686 1758 727 1822 ab
742 1757 802 1822 hac
825 1759 944 1824 oriseos
958 1757 1148 1823 Homericae
1169 1757 1365 1842 praestantia
1386 1754 1525 1842 diligen·

354 1863 464 1947 tiaque
486 1864 582 1929 hodie
603 1864 754 1929 absimus.
794 1864 925 1931 Etenim
953 1866 1021 1951 ipse
1043 1864 1183 1930 Wolfius
1204 1865 1310 1950 priore
1331 1865 1405 1929 loco
1426 1859 1526 1945 βέλος

355 1970 464 2050 edidit,
487 1993 560 2036 cum
578 1974 687 2037 tamen
710 1975 743 2036 et
761 1972 825 2037 ista
845 1974 954 2038 omnia
975 1973 1163 2059 gravissima
1184 1972 1250 2037 sint
1268 1975 1301 2036 et
1313 1966 1409 2047 τέλος
1422 1992 1525 2034 κατα-

354 2072 486 2158 καίριον
510 2079 609 2164 longe
637 2079 826 2164 exquisitior
851 2080 951 2147 lectio
981 2081 1024 2145 sit
1051 2084 1085 2146 et
1108 2081 1266 2166 Didymus
1296 2082 1433 2145 testetur
1458 2100 1525 2143 non

354 2184 576 2252 Aristarcheas
590 2186 696 2252 solum
709 2187 867 2253 editiones
881 2188 1000 2254 habere
1016 2185 1121 2266 τέλος,
1138 2188 1195 2254 sed
1209 2188 1305 2253 addat
1318 2184 1398 2270 ,,κοὶ
1409 2184 1526 2266 σχεδὸν

355 2286 509 2357 ἅπασαιέ(
531 2298 565 2359 et
586 2317 662 2361 vero
684 2318 735 2362 res
756 2296 828 2380 ipsa
848 2295 990 2362 declaret
1009 2296 1089 2362 haec
1111 2317 1150 2362 ex
1171 2297 1262 2361 codd.
1285 2317 1368 2360 esset
1390 2294 1525 2380 quodni

289 2400 403 2475 (coita
424 2405 509 2465 esset
527 2399 665 2467 alterum
680 2403 720 2467 ad
741 2402 877 2469 alterum
898 2402 1152 2469 confirmandum
1172 2404 1341 2469 admovere
1362 2407 1448 2468 esset
1468 2401 1526 2467 ab·

306 2518 338 2569 ot
356 2508 497 2572 surdum.
508 2509 537 2551 ³⁴
575 2508 669 2586 Quod
684 2511 723 2575 de
744 2512 842 2576 verbo
864 2506 1004 2593 βάλλειν
1023 2511 1118 2590 velet,
1139 2512 1226 2577 idem
1244 2512 1284 2577 de
1298 2510 1399 2578 subet.
1419 2496 1526 2593 βέλος.

420 2743 466 2786 ⁸⁸⁸
484 2741 574 2814 <Quae
596 2742 627 2796 in
647 2742 743 2799 codice
760 2741 904 2813 leguntur,
929 2736 1096 2815 Ζηνόδοτος
1120 2741 1153 2800 δὲ
1173 2741 1281 2815 γράφει
1298 2742 1398 2815 βέλος,
1415 2748 1523 2809 κακῶς·

355 2825 390 2883 οδ
406 2826 543 2899 βέβληται
561 2826 603 2891 δέ,
623 2826 732 2883 facilius
748 2826 790 2882 ita
808 2828 942 2898 corrigas,
959 2832 992 2884 ut
1007 2828 1144 2884 vocabulo
1163 2833 1263 2893 κακῶς
1279 2831 1390 2885 retento
1408 2826 1443 2884 οδ
1458 2825 1526 2900 βέβ·

354 2913 439 2981 tritor
456 2906 522 2982 γάρ
539 2911 664 2980 scribas>

290 3002 343 3072 (ot)
422 2998 449 3038 ³⁴
482 2994 603 3051 Omnino
615 2995 819 3052 Wolfiusineo
835 2996 950 3053 mirifice
967 2997 1061 3068 lapsus
1078 3001 1121 3053 est
1137 3000 1224 3067 atque
1242 3014 1260 3052 a
1276 3014 1305 3052 se
1322 2997 1382 3067 ipse
1399 2995 1523 3057 descivit

355 3080 430 3150 quod
447 3079 539 3135 minus
551 3096 635 3150 quam
652 3096 704 3150 per
721 3083 783 3135 erat
797 3080 981 3136 Aristarcheis
992 3080 1159 3137 lectionibus
1171 3081 1323 3137 Homerum
1340 3098 1421 3136 suum
1439 3080 1526 3150 appli-

355 3164 420 3221 cuit.
453 3163 526 3221 Nom
547 3164 692 3235 cumipse
715 3165 799 3235 (quoe
820 3164 879 3220 eius
901 3165 1066 3220 immortalis
1087 3166 1148 3221 laus
1169 3167 1222 3237 est)
1245 3165 1383 3222 docuisset
1405 3165 1524 3235 egregie,

355 3265 440 3318 quam
451 3250 483 3305 in
493 3249 547 3305 hoc
558 3248 673 3305 Homeri
688 3248 863 3319 perpoliendi
879 3248 994 3319 negotio
1013 3251 1066 3306 toti
1083 3249 1255 3321 pendeamus
1272 3250 1309 3305 ab
1320 3249 1524 3313 Alexandrinis.

355 3351 412 3388 non
423 3334 459 3388 ab
472 3333 514 3389 his
526 3334 575 3404 qui
585 3333 672 3403 vulgo
683 3333 812 3389 feruntur
823 3333 974 3399 codicibus,
992 3334 1125 3391 continno
1137 3351 1309 3403 ccmequeus
1326 3338 1388 3390 erat
1404 3338 1437 3390 ut
1454 3351 1526 3402 quae

355 3417 480 3472 omnium
496 3417 748 3474 Alexandrinarum
766 3417 922 3472 editionum
944 3421 974 3474 et
990 3417 1056 3474 olim
1073 3418 1156 3490 longe
1173 3418 1272 3474 habita
1289 3422 1331 3474 est
1348 3417 1525 3490 praestantis-

355 3501 466 3557 simaet
481 3502 590 3572 abipso
607 3506 682 3557 certe
699 3501 753 3557 hac
769 3500 851 3557 laude
870 3502 1013 3558 cumulata
1029 3505 1060 3559 et
1076 3503 1200 3573 fingendi
1216 3502 1336 3559 audacia
1352 3503 1467 3557 minime
1484 3521 1527 3556 su·

356 3589 460 3656 specta,
478 3602 513 3642 ea
529 3586 610 3641 nobis
627 3587 708 3656 quasi
724 3586 770 3642 lex
787 3589 860 3642 emet
876 3590 906 3642 et
922 3603 1027 3651 norma,
1045 3587 1185 3657 nisivquid
1201 3589 1232 3643 in
1248 3588 1303 3643 ista
1319 3592 1468 3659 peccatum
1486 3587 1526 3641 in·

307 3676 340 3726 56
357 3674 473 3726 ventum
490 3672 562 3726 esset
578 3687 596 3726 e
613 3671 812 3728 consuetudine
829 3675 931 3743 poetae
943 3671 1027 3743 plane
1045 3672 1187 3728 absonum
1213 3672 1250 3728 Et
1265 3674 1352 3729 sensit
1367 3673 1397 3728 in
1414 3671 1467 3727 hoc
1486 3671 1526 3725 in·

356 3754 542 3810 constentiam
553 3771 643 3809 suam:
661 3756 798 3811 recensita
809 3756 886 3811 enim
894 3756 965 3811 serie
976 3755 1137 3821 lectionum,
1150 3773 1223 3826 quae
1235 3757 1279 3812 vel
1292 3762 1388 3829 aperte
1400 3756 1528 3812 meliores

356 3839 401 3894 vel
418 3838 643 3910 aequiparandae
664 3840 786 3911 vulgatis
803 3857 837 3895 ax
854 3839 1033 3896 Aristarchea
1056 3840 1179 3898 editione
1201 3858 1220 3896 a
1241 3859 1299 3897 sese
1316 3845 1446 3912 receptae
1462 3841 1527 3906 sint,

355 3924 409 3979 hoc
420 3923 501 3980 addit
517 3922 682 3979 vaticinium
700 3925 738 3996 (p.
750 3924 866 3995 GCXNJ:
883 3924 937 3991 „Et
947 3928 1013 3981 sunt
1024 3924 1087 3988 elie,
1105 3925 1136 3980 in
1148 3925 1249 3996 quibus
1260 3920 1411 3981 admodum
1422 3943 1527 3987 vereor.

355 4026 392 4065 ue
408 4009 497 4065 futuri
509 4008 567 4065 sint
583 4009 673 4073 multi,
693 4009 742 4078 qui
759 4008 924 4065 tarditatem
940 4026 1032 4065 meam
1050 4008 1213 4066 mirentur.u
1241 4009 1297 4065 Nos
1314 4010 1377 4065 ideo
1394 4010 1529 4065 miramur

356 4093 454 4159 minus,
473 4094 549 4164 quod
561 4110 656 4150 causes
668 4093 726 4150 eius
738 4094 837 4150 erroris
848 4093 1005 4165 perspicere
1017 4093 1153 4150 videmur.
1182 4094 1296 4151 Scilicet
1307 4094 1342 4150 de
1354 4093 1529 4165 praestantia

355 4177 550 4235 Aristarcheae
566 4178 697 4235 editionis
707 4179 739 4234 in
750 4178 911 4234 universum
928 4178 1044 4248 quidem
1060 4179 1128 4233 satis
1143 4178 1195 4233 sibi
1213 4177 1330 4233 Wolfius
1346 4182 1528 4249 persuaserat,

356 4261 463 4319 deiide
486 4267 515 4318 et
536 4263 705 4320 auctoritate
721 4280 778 4319 non
795 4262 871 4320 satis.
907 4260 1058 4318 Resederat
1075 4261 1190 4332 quidem
1211 4263 1241 4317 in
1263 4263 1357 4319 animo
1379 4263 1438 4318 eius
1454 4281 1528 4318 scru-

356 4346 439 4417 pulus
450 4350 567 4418 propter
582 4348 688 4413 falmin,
706 4365 790 4418 quem
807 4348 843 4403 do
861 4345 991 4402 universa
1007 4351 1068 4403 arte
1085 4346 1183 4402 critica
1199 4350 1325 4403 veterum
1342 4348 1394 4402 sibi
1412 4347 1530 4403 finxerat
