3425 4934
607 369 631 421 8.
656 368 782 429 στεῦται,
802 367 914 421 στεῦτο.
1306 372 1346 433 99

178 529 323 615 zugleich
351 529 575 611 beurhunden,
610 532 685 597 bald
719 532 791 598 blos
826 532 959 610 Gesten,
991 531 1065 596 bald
1097 530 1171 595 hein
1201 534 1346 595 tesseres

178 635 324 714 Zeieben,
346 637 427 702 nach
450 640 548 703 etwas
569 638 696 719 stehen,
718 639 878 725 gerichtet
897 640 994 705 seia.“
1029 637 1228 713 Rectissime,
1249 638 1346 702 modo

176 744 287 808 addas:
313 745 392 810 oder
416 744 475 810 auf
492 749 591 812 etuas
612 746 735 825 stehen,
755 747 920 826 bestehen,
941 746 1135 831 behaupten,
1156 745 1345 812 versichem.
1363 751 1396 802 9⁹

177 851 396 917 Aristarchum
426 853 503 918 dicit
538 853 600 920 hoo
635 855 828 920 vocabulum
863 859 950 921 recte
981 853 1179 919 intellexisse
1212 857 1244 917 et
1272 856 1348 937 apta

175 958 361 1043 paraphrasi
381 983 476 1026 usum
498 984 576 1038 esse,
599 963 656 1028 sed
677 984 799 1029 errasse
820 985 894 1028 cum
915 963 1123 1028 huncarium
1144 961 1253 1026 locum
1274 983 1347 1025 cum

176 1066 289 1130 ceteris
308 1088 374 1132 non
389 1070 559 1135 convenire
573 1070 759 1137 censuisset.
781 1071 912 1136 Etenim
929 1071 1064 1137 eandem
1078 1068 1347 1156 significationem

175 1172 293 1251 valere,
319 1175 406 1259 quod
430 1179 557 1260 praeter
582 1177 662 1242 alios
690 1177 807 1245 vidisse
833 1178 1068 1246 Bernhardium
1093 1180 1272 1243 vertentem
1295 1198 1348 1253 „er

175 1281 331 1364 gebahrte
346 1283 414 1347 sich
435 1284 495 1349 wie
518 1285 570 1348 ein
584 1284 809 1352 Ddrstender‘.
842 1286 887 1352 Et
909 1309 997 1352 mox:
1018 1285 1072 1366 „In
1093 1286 1153 1351 wie
1174 1285 1244 1349 feru
1260 1282 1347 1347 'Pan-

174 1388 257 1453 talcs
279 1389 374 1454 stand
395 1391 452 1474 (im
474 1390 564 1475 See),
588 1392 632 1458 ist
661 1392 762 1459 schoa
789 1394 906 1460 vorher
932 1398 1061 1481 gesagt,
1081 1393 1152 1458 hier
1174 1392 1246 1457 sind
1267 1390 1347 1456 viel·

174 1495 265 1561 mehr
293 1497 381 1563 scine
403 1498 651 1585 Bswegungen,
678 1502 747 1567 sein
769 1501 907 1568 Streben
933 1502 1000 1568 und
1029 1502 1097 1566 sich
1124 1500 1263 1565 darnach
1290 1521 1346 1585 ge·

174 1602 316 1669 behrden
330 1628 369 1670 zu
385 1606 539 1673 denken“.
574 1606 736 1674 Haeccine
753 1610 914 1696 gestiendi
929 1608 1121 1695 significatio
1145 1608 1255 1673 eadem
1277 1609 1347 1671 est?

172 1710 240 1778 lmo
256 1735 341 1796 vero,
362 1715 449 1799 quod
464 1736 526 1801 ego
542 1715 733 1805 intelligam,
754 1717 915 1784 contraria
929 1721 962 1782 et
976 1718 1017 1782 ab
1031 1716 1098 1795 illa,
1120 1738 1217 1801 quam
1231 1713 1345 1799 reliqui

171 1819 234 1885 loci
255 1825 426 1901 testantur,
448 1823 482 1888 in
498 1845 603 1907 quam,
624 1825 750 1890 etiamsi
765 1829 895 1910 etymon
916 1824 999 1915 nihil
1019 1846 1120 1903 cures,
1141 1822 1258 1907 reliqui
1281 1820 1346 1886 loci

172 1934 377 2009 concurrunt,
397 1930 598 1997 alienissima.
634 1930 673 1997 ln
686 1932 744 1997 illa
758 1933 845 1999 enim
859 1931 1021 1999 firmitatis
1037 1935 1070 1996 et
1089 1929 1346 2015 perseverantiae

172 2037 263 2102 notio
291 2039 435 2119 tenetur,
469 2039 502 2103 in
526 2039 696 2125 gestiendo
727 2041 812 2106 inest
836 2041 928 2106 notio
955 2042 1072 2105 motus.
1119 2037 1212 2104 Unde
1244 2037 1282 2102 fit
1309 2040 1346 2101 ut

172 2144 291 2229 gestire
311 2144 419 2229 ipsum
438 2167 497 2230 per
527 2168 561 2212 se
588 2147 631 2213 sit
656 2147 777 2234 aliquid
797 2147 984 2231 „Geberden
1004 2146 1166 2224 machen“,
1194 2146 1249 2211 sed
1272 2167 1346 2231 per·

172 2273 316 2317 severare
344 2290 385 2299 —
412 2257 487 2317 utor
512 2253 574 2320 hoc
601 2255 805 2339 potissimum
825 2254 943 2320 Latino
963 2254 1136 2333 vocabulo,
1164 2254 1345 2339 quodcum

173 2379 273 2444 grano
290 2360 366 2425 salis
384 2360 588 2449 intelligetur
609 2397 648 2407 -
670 2362 751 2428 nihil
770 2384 829 2449 per
850 2385 884 2429 se
906 2366 964 2441 est,
984 2363 1047 2428 nisi
1067 2362 1202 2427 addatur
1222 2363 1256 2426 in
1279 2384 1344 2446 quo

174 2467 420 2550 perseverantia,
442 2470 624 2534 constantia
643 2469 750 2536 locum
771 2470 901 2537 habeat:
934 2471 1001 2536 sive
1028 2492 1212 2555 persevero,
1243 2469 1271 2534 si
1297 2469 1344 2533 vis

173 2578 293 2657 persto,
315 2597 367 2640 me
387 2575 560 2657 facturum,
586 2577 606 2641 i.
633 2600 659 2643 ε.
682 2579 887 2662 propositum
906 2578 1027 2657 habeo,
1054 2581 1211 2645 statutum
1230 2576 1345 2655 habeo,

174 2684 282 2763 statui,
312 2686 377 2748 stat
402 2683 482 2749 mihi
500 2683 563 2750 hoc
583 2683 701 2764 facere,
726 2724 763 2735 -
787 2687 854 2752 sive
875 2707 1044 2771 persevero
1066 2685 1129 2751 hoc
1149 2686 1197 2750 ita
1219 2707 1303 2762 esse,
1323 2684 1344 2747 i.

174 2811 199 2854 e.
220 2789 356 2856 affirmo.
401 2791 540 2858 Graecae
561 2792 770 2878 paraphrases
797 2797 892 2859 erunt
918 2794 1133 2859 διανοεῖσθαι
1161 2794 1211 2859 vel
1236 2793 1345 2878 potius

174 2891 394 2983 διορίζεσθαι,
407 2898 702 2984 διαβεβαιοῦσθαι,
715 2896 991 2987 διισχυρίζεσθαι,
1006 2895 1229 2989 ὑφίστασθαι,
1244 2895 1344 2965 διττο-

170 3008 335 3090 χιεῖοθαι,
356 3029 439 3093 quae
458 3007 591 3093 reliquis
612 3009 692 3075 locis
713 3010 843 3096 egregie
866 3010 1075 3093 conveniunt,
1096 3033 1138 3074 an
1157 3012 1190 3075 et
1212 3012 1345 3075 nostro?

172 3111 256 3179 lllud
285 3115 373 3199 quod
401 3115 611 3181 indicavimus
638 3117 911 3202 complementum
938 3117 1070 3202 reliquis
1094 3118 1175 3183 locis
1200 3118 1344 3183 additum

171 3242 226 3305 per
251 3221 457 3287 infinitivum.
506 3221 551 3288 Et
577 3223 676 3303 idem,
707 3225 794 3309 quod
825 3225 890 3289 huc
915 3247 1019 3310 usque
1051 3224 1143 3295 aliter
1168 3224 1344 3303 videbatur,

170 3325 371 3394 Nitzschium
385 3330 491 3414 ipsum
505 3329 654 3396 hocloco
669 3332 751 3398 velle
772 3336 913 3418 apparet.
952 3331 1021 3397 lam
1045 3333 1130 3398 enim
1151 3333 1230 3398 haec
1253 3334 1344 3399 dicit:

169 3436 251 3518 ,Der
265 3435 417 3518 Infinitiv‚
440 3438 502 3502 den
517 3442 628 3503 στεῦτο
651 3438 816 3522 erfordert,
836 3440 881 3505 ist
898 3439 969 3504 hier
990 3435 1144 3504 ἓλέοθαιτ
1167 3463 1201 3506 er
1221 3441 1343 3506 strebte

170 3544 230 3609 wol
256 3544 394 3630 durstig,
424 3567 487 3610 nur
515 3545 566 3612 bis
596 3568 669 3611 zum
690 3545 834 3612 Trinken
861 3547 1045 3613 vermochte
1072 3570 1107 3613 er
1132 3571 1166 3614 es
1192 3547 1283 3612 nicht
1303 3570 1342 3612 zu

168 3649 302 3716 fussent
345 3651 410 3719 Sed
434 3652 498 3719 hoc
524 3654 619 3720 siita
640 3674 710 3719 esse
730 3658 855 3738 potest,
878 3654 971 3738 quid,
991 3676 1121 3739 quaeso,
1141 3656 1240 3720 tantis
1262 3677 1344 3739 opus

170 3762 237 3824 erat
258 3760 473 3846 ambagibus?
504 3758 582 3838 Quis
604 3761 735 3827 tandem
757 3762 920 3828 dubitabit
940 3756 1077 3849 διψάων
1097 3765 1212 3827 στεῦτο
1233 3758 1344 3827 πιέειν

169 3859 311 3932 ἑλέσθαι
335 3870 422 3934 recte
449 3867 512 3933 dici
532 3872 566 3934 et
588 3889 626 3932 ex
648 3889 761 3935 norma
781 3868 1003 3955 reliquorum?
1034 3868 1098 3936 Sed
1119 3874 1261 3955 poetam,
1288 3871 1342 3955 qui

168 3971 230 4038 hoc
250 3974 415 4052 voluisset,
436 3978 504 4039 tam
525 3997 681 4060 perversa,
702 3976 769 4042 imo
790 3977 919 4042 inversa
938 3979 1110 4044 verborum
1131 3976 1343 4044 collocatione

169 4100 302 4147 usurum
316 4081 416 4147 fuisse
431 4081 493 4147 hcc
507 4103 582 4148 vero
597 4104 664 4148 non
686 4083 914 4165 dubitabimus,
935 4085 992 4150 sed
1014 4084 1213 4170 negabimus,
1245 4084 1345 4170 Ergo,

107 4266 114 4277 ⁸
169 4210 363 4275 quocunque
385 4212 438 4253 me
460 4193 626 4270 converto,
647 4190 733 4256 huno
754 4190 864 4258 locum
884 4214 951 4257 non
972 4190 1121 4278 intelligo
1144 4193 1206 4257 nisi
1228 4191 1342 4279 ,μιαρὰ

166 4294 227 4382 τὴν
246 4299 306 4362 τοῦ
328 4298 473 4382 ποιητοῦ
494 4295 704 4384 maritetur&
740 4297 804 4364 Sed
818 4299 882 4365 hoc
897 4300 1007 4385 quaeri
1021 4299 1142 4382 poterit
1156 4322 1239 4366 nova
1261 4325 1343 4386 quae

167 4403 218 4471 hic
233 4411 284 4472 est
298 4403 494 4491 significatio
510 4409 618 4470 utrum
637 4405 736 4471 fucrit
757 4429 797 4472 ex
817 4407 957 4472 auctoris
979 4406 1138 4471 sententia
1160 4406 1225 4487 illa,
1247 4432 1343 4494 quam

1100 4506 1134 4559 ἵ.
