3425 4934
465 324 488 376 1.
512 318 663 376 Aristonici
678 319 750 377 liber
767 320 801 375 de
819 320 893 377 uotis
911 320 1071 377 Aristarchi
1337 329 1356 390 3

185 485 342 552 Orionem
364 508 431 553 non
444 488 541 553 modo
552 479 774 572 Ἀριστόνικος
788 484 823 555 όν
836 491 885 575 τῷ
899 486 976 574 περὶ
989 484 1131 576 σημείων
1143 490 1201 552 τοῦ
1213 481 1356 576 Ὁμήρου

185 593 312 674 citetur,
333 615 366 679 p.
387 600 436 673 94,
459 602 505 675 17,
533 597 709 663 sedetiam
731 588 959 684 Ἀριστόνικος
987 593 1021 663 dv
1047 599 1094 684 τῷ
1115 593 1192 682 περὶ
1214 591 1357 684 σημείων

183 690 389 786 Ὀδυσσείας,
410 724 441 788 p.
464 710 514 784 94,
534 710 584 774 20.

269 921 341 1000 §2
383 916 452 984 Iam
478 920 520 985 ad
547 919 688 986 indolem
719 922 952 1007 consiliumque
988 921 1083 987 huius
1113 921 1189 986 libri
1218 942 1357 1007 pergens

185 1024 316 1090 initium
334 1025 450 1092 faciam
468 1027 510 1093 ab
528 1027 569 1093 iis
597 1027 787 1114 colligendis
807 1029 962 1114 reliquiis,
983 1051 1063 1113 quas
1085 1032 1175 1094 extra
1195 1027 1358 1095 Vonetum

186 1132 331 1199 codicem
352 1137 493 1199 servatas
514 1133 680 1203 hebemus.
715 1135 815 1201 Orion
829 1158 860 1221 p.
880 1142 948 1217 119,
961 1142 1002 1205 26
1022 1129 1110 1220 ὀπήε
1130 1127 1237 1212 τόπος
1248 1157 1359 1221 τετρη-

184 1234 295 1322 μένος,
310 1232 369 1326 ἀφ’
386 1227 427 1306 οὗ
440 1263 492 1319 τις
506 1238 643 1307 όόναται
657 1234 860 1330 όπήσασθαι
872 1241 930 1310 καὶ
943 1239 1240 1330 περιβλέψασθαι.
1256 1236 1361 1318 οότως

182 1340 412 1428 Ἀριστόνικος
431 1345 469 1415 ἐν
487 1351 558 1428 τοῖς
577 1345 726 1436 σημείοις
745 1352 805 1418 τοῦ
825 1354 977 1437 ποιητοῦ.
1019 1351 1165 1417 Pertinet
1189 1351 1252 1417 hoc
1272 1349 1360 1417 houd

187 1456 286 1522 dubie
308 1457 349 1522 ad
370 1478 392 1520 α
414 1463 474 1527 320
496 1449 679 1542 (ἀνόπαια).
711 1456 802 1526 Idem
822 1482 852 1544 p.
875 1466 929 1540 94,
953 1465 990 1529 18
1012 1454 1130 1544 λόρυξε
1156 1452 1279 1541 ὁμοίως
1301 1455 1360 1524 διὰ

185 1560 250 1648 γὰρ
271 1558 413 1643 τούτων,
444 1567 505 1629 τοῦ
534 1563 660 1648 λαιμοῦ
682 1563 739 1633 καί
764 1563 937 1652 λάρυγγος,
961 1563 1017 1653 τὴν
1038 1558 1225 1632 ἀπόλαυσιν
1244 1559 1361 1647 ἔχομεν

185 1674 253 1735 τῶν
272 1674 415 1759 τροφῶν.
438 1667 542 1751 οὕτως
552 1665 779 1758 Ἀριστόνικος
799 1669 834 1740 ἐν
852 1681 900 1761 τῷ
913 1670 991 1758 περὶ
1004 1668 1147 1757 σημείων
1159 1665 1359 1750 Ὀδυσσείας.

188 1778 331 1866 corrigit
343 1774 533 1847 Lsrcherusr
554 1774 679 1866 λόρυγξ
696 1779 752 1848 καί
773 1778 904 1871 φάρυγξ
921 1774 1058 1849 ταύτόν·
1080 1775 1204 1864 ὁμοίιος
1220 1778 1282 1867 γὰρ
1301 1778 1360 1846 διὰ

186 1884 312 1952 τούτων
332 1926 380 1953 -.
422 1886 556 1954 Poterat
579 1888 704 1956 facilius
726 1885 830 1972 λόρυξ
849 1883 978 1973 ὁμοίως
998 1883 1111 1978 φάρυξ
1116 1910 1123 1926 ·
1146 1887 1203 1957 διὰ
1225 1886 1287 1974 γὰρ
1311 1926 1360 1967 -,

187 2017 216 2060 v.
237 1993 378 2061 Lobeck.
405 1995 567 2082 Aglaoph.
590 1995 606 2063 I
625 2020 657 2082 p.
680 2003 749 2065 779.
778 1996 843 2065 Sed
865 2002 1016 2065 neutrum
1035 2020 1155 2065 verum.
1178 1996 1229 2063 Tu
1243 1998 1360 2063 scribe:

187 2096 293 2184 λόρυξ
313 2095 332 2168 ό
355 2099 491 2186 λαιμός·
512 2102 570 2169 διὰ
592 2101 654 2189 γὰρ
675 2141 717 2153 -
738 2110 771 2171 et
791 2105 871 2172 haec
891 2105 1060 2190 desumpta
1074 2128 1144 2172 esse
1158 2109 1237 2190 puta
1251 2127 1290 2172 ex
1303 2128 1361 2170 an·

186 2211 357 2277 notatione
378 2211 419 2276 ad
441 2210 553 2297 Odyss.
575 2234 594 2276 τ
614 2218 676 2282 229

327 2314 363 2383 ίν
382 2315 578 2402 προτέροισι
597 2314 740 2388 πόδεσσι
758 2316 844 2388 κόων
864 2313 917 2401 ἶίχε
937 2314 1095 2387 ποικίλον
1115 2313 1220 2403 ἐλλόν,

326 2419 536 2510 ἀσπαίροντα
557 2423 648 2494 λόων
669 2468 717 2497 -.

188 2535 262 2614 Quo
292 2534 366 2601 loco
390 2534 594 2603 Eustathius:
621 2533 661 2603 τὸ
687 2533 727 2602 dd
757 2531 848 2603 λόων
875 2528 1085 2621 Ἀρίσταρχος
1116 2531 1177 2617 μὲν
1201 2527 1276 2600 ἀντί
1300 2537 1360 2599 τοῦ

186 2637 383 2722 ἀπολαύων,
406 2635 465 2732 ἀφ’
484 2631 523 2711 οὗ
537 2641 592 2711 καί
614 2641 736 2729 λαιμὸς
756 2641 812 2711 καί
832 2638 993 2711 λαυκανία
1006 2669 1065 2722 -,·
1086 2646 1215 2737 poterat
1234 2643 1361 2723 addere,

186 2752 276 2838 quod
294 2751 381 2837 apud
395 2752 613 2820 Aristonicum
635 2753 779 2820 additum
792 2753 891 2821 fuisse
911 2752 1134 2839 intelligimus,
1155 2747 1212 2814 καί
1229 2746 1359 2834 λάρυγξ.

185 2898 228 2907 -
251 2860 351 2924 Orion
373 2882 405 2945 p.
427 2866 476 2940 94,
500 2866 538 2929 16
557 2856 671 2941 λίχνος
691 2863 722 2945 (τ
738 2864 806 2944 34)·
829 2852 848 2927 ὅ
871 2856 958 2925 λύων
979 2858 1016 2927 τὸ
1039 2851 1134 2939 νόχος
1153 2853 1299 2923 τουτέστι
1321 2855 1360 2922 τὸ

185 2962 320 3044 σκότος.
339 2962 445 3043 οὕτως
455 2960 683 3051 Ἀριστόνικος
703 2964 738 3033 ἐν
758 2971 806 3054 τῷ
827 2965 904 3053 περὶ
918 2963 1064 3055 σημείων
1077 2969 1138 3033 τοῦ
1147 2957 1305 3052 Ὁμήρου.
1319 3002 1361 3013 -
1372 2971 1410 3042 (4)

186 3072 278 3139 Idem
299 3098 330 3160 p.
349 3079 397 3155 43,
421 3081 459 3143 12
480 3072 606 3153 δειλὸςε
628 3067 648 3144 ό
671 3072 791 3152 deducis
811 3073 872 3152 τὰς
890 3078 989 3158 μυίας
1007 3076 1105 3158 (recte
1125 3072 1301 3140 harcherus
1324 3094 1363 3139 ex

186 3180 281 3247 Euat.
301 3204 330 3266 p.
346 3186 417 3260 855,
437 3188 476 3252 48
497 3184 632 3270 corrigit
651 3176 749 3267 ἴλας).
775 3180 880 3260 οὕτως
897 3175 1132 3265 Ἀριστόνικος.
1152 3217 1193 3227 -
1213 3179 1302 3258 Quae
1324 3203 1363 3246 ex

189 3289 311 3354 Orione
342 3289 508 3356 attulimus
536 3292 576 3358 de
604 3283 673 3376 όπή
702 3295 736 3358 et
762 3288 889 3377 λίχνος,
914 3290 1028 3356 iisdem
1053 3289 1159 3355 verbis
1184 3289 1218 3355 in
1244 3288 1362 3354 librum

188 3418 285 3461 suum
312 3397 514 3463 transtulisse
539 3399 720 3466 invenimus
741 3398 975 3486 Etymologum
995 3420 1026 3482 p.
1049 3402 1195 3475 61746.
1218 3402 1293 3475 572,
1313 3401 1363 3464 29.

188 3503 280 3569 Haec
303 3524 443 3589 quoque,
466 3527 548 3590 quae
569 3528 656 3573 nunc
676 3507 764 3574 solus
778 3508 887 3590 habet,
908 3528 948 3572 ex
962 3504 1075 3570 eodem
1090 3503 1181 3570 fonte
1196 3504 1364 3581 derivasse,

189 3612 323 3678 minime
346 3612 487 3678 dubium.
510 3635 541 3697 p.
562 3620 632 3694 377,
649 3619 688 3683 37
710 3608 823 3700 ἕρσαι·
846 3607 881 3677 αἱ
904 3609 938 3678 ἐν
958 3611 1031 3696 ἔαρι
1053 3613 1265 3698 γεννηθεῖσαι
1286 3603 1306 3697 ἢ
1328 3603 1363 3673 αὶ

189 3712 325 3786 ἁπαλαί
344 3717 402 3786 καί
422 3715 542 3797 τελέως
563 3715 651 3799 νόαι,
674 3726 920 3811 μεταφορικῶς,
944 3712 990 3797 ὣς
1007 3710 1232 3801 Ἀριστόνικος
1253 3713 1289 3782 ἓν
1304 3738 1364 3804 ση-

188 3822 311 3911 μείοις.
331 3850 364 3913 p.
384 3835 434 3907 41,
454 3831 495 3896 36
516 3819 671 3914 ἆΐόηλοςε
693 3817 766 3895 οἷον
787 3831 921 3909 ,κεῖνος
941 3820 974 3892 d‘
998 3816 1068 3891 αὖτ’
1093 3818 1232 3913 ἀΐδηλος
1252 3816 1362 3913 duppe

189 3939 223 4021 (χ
239 3939 322 4020 165),
340 3928 359 4001 ὃ
376 3927 626 4021 όλοθρευτικός·
648 3929 687 4003 od
703 3934 765 4021 γὰρ
780 3927 874 4015 ι’ίξιος
885 3927 1111 4017 Ἀριστόνικος
1125 3932 1246 4020 όηλοῖω
1259 3929 1364 4016 λέγων

188 4042 249 4111 τὸν
269 4036 491 4132 ἆδηλοποιόυ.
537 4043 598 4110 His
624 4045 770 4110 addimus
797 4043 1016 4131 fragmentum
1041 4065 1081 4109 ex
1105 4041 1189 4107 libro
1216 4041 1364 4106 deuotis

188 4151 373 4219 Hesiodeis.
395 4151 494 4218 Orion
508 4175 539 4237 p.
558 4159 607 4234 96,
621 4159 661 4221 27
677 4152 727 4235 (ci
739 4152 792 4221 ut.
803 4160 873 4232 555,
886 4155 938 4235 36)
953 4145 1172 4226 λακίδεςαίπί
1185 4142 1365 4231 σχίσματος

188 4253 336 4344 ἱματίου.
364 4257 457 4341 παρὰ
484 4257 523 4327 τὸ
552 4258 665 4326 λακεῖν
690 4259 747 4326 καὶ
771 4253 878 4346 ἡρέμα
905 4259 1032 4347 ψοφεῖν
1053 4254 1156 4341 ἐντῷ
1177 4250 1396 4335 σχίζεσθαι4

188 4364 297 4445 οίίτως
308 4360 522 4454 Ἀρίσταρχος
536 4363 570 4432 ἐν
582 4370 654 4446 τοῖς
666 4363 816 4455 σημείοις
826 4363 1000 4432 Ἡσιόδου.
1028 4364 1114 4450 Lege
1129 4355 1364 4444 Ἀριστόνικος.

1121 4468 1131 4517 l
1140 4464 1156 4497 Φ
