3425 4934
444 372 466 424 1.
492 367 642 423 Aristonici
659 367 732 422 liber
751 367 786 422 de
805 366 879 423 notis
896 366 1057 423 Aristarchi.
1304 375 1338 435 11

26 528 27 531 ¹
162 537 374 623 σημειοῦνταί
387 557 476 614 τινες
496 530 549 601 ὅτι
564 530 664 601 σόλον
684 533 744 600 τὸν
765 530 881 600 δίσκον
902 525 1003 600 εἶπεν.
1044 535 1075 598 Ω
1090 541 1151 603 624
1172 534 1343 618 σημειοῦν-

161 637 220 707 ταί
239 666 328 721 τινες
342 639 396 710 ὅτι
413 637 573 721 Ἡσίοδος
593 643 648 730 (fr.
664 648 725 712 234
742 644 878 730 coetu>
900 637 1054 729 ἐποίησεν
1075 636 1258 727 υὤπτησαν
1278 635 1340 722 μὲν

162 753 291 836 πρῶτα,
306 749 540 839 περιφραδέως
552 744 584 816 δ’
596 745 785 834 talamos.
807 745 962 830 οῦδελςδὲ
973 746 1206 836 περιφραδέως
1218 745 1344 831 ίξὲλκει

164 856 258 942 κρέα,
283 852 373 924 δλλδι
395 859 527 942 μᾶλλον
549 851 648 946 ὀπτᾷ.

246 967 394 1034 Primum
418 968 628 1045 monendum,
660 968 694 1032 in
720 967 772 1033 his
799 991 901 1034 unum
927 969 1104 1034 altemmve
1131 967 1241 1033 locum
1266 990 1345 1046 esse,

165 1079 221 1143 ubi
247 1076 332 1142 illud
357 1079 568 1164 σημειοῦνταί
589 1099 677 1153 τινες
702 1099 768 1142 non
794 1078 834 1142 ab
866 1077 1051 1143 Aristonico
1080 1075 1261 1161 profectum
1287 1078 1345 1154 est,

164 1186 222 1251 sed
243 1187 286 1252 ab
309 1187 535 1270 epitomatore‚
561 1184 617 1269 qui
639 1205 712 1249 cnm
733 1183 868 1270 legisset
890 1176 910 1272 ἧ
935 1182 1041 1271 διπλῆ
1060 1221 1110 1265 -,
1131 1205 1204 1249 cum
1225 1184 1288 1248 hoc
1309 1184 1343 1249 in

168 1314 264 1358 suum
296 1314 392 1358 usum
418 1296 633 1372 converteret,
666 1290 804 1358 formula
833 1315 911 1358 usus
940 1297 990 1358 est
1016 1285 1228 1378 σημειοῦνταί
1251 1312 1345 1367 τινες.

165 1402 239 1467 Ηοο
260 1422 496 1485 nonnunquam
516 1399 638 1465 factum
656 1422 741 1481 esse,
762 1400 963 1466 luculentum
985 1399 1167 1485 exemplum
1188 1399 1390 1464 habemus11

166 1512 195 1572 Σ
215 1516 291 1589 510,
320 1509 377 1573 ubi
398 1507 459 1573 AD
482 1507 637 1573 exhibent
662 1510 875 1594 σημειοῦνταί
894 1529 981 1585 τινες
1000 1502 1053 1573 ὅτι
1076 1501 1107 1571 oi
1130 1500 1345 1591 ἐπιστρατεῦ-

166 1638 283 1693 σαντες
309 1608 409 1681 πόλει
431 1612 498 1680 τινί
518 1613 677 1698 arcipresul
700 1615 854 1681 σπονδῶν
876 1606 1173 1698 ἀπαλλασσόμενοι
1194 1606 1344 1698 ἐλείμβα-
1357 1624 1410 1695 (13)

167 1747 223 1790 νον
237 1718 333 1806 παρὰ
350 1726 416 1787 τιῦι
439 1719 695 1805 πολεμουμένων
715 1718 753 1793 τὸ
776 1721 877 1811 ἥμισυ
898 1726 966 1789 τῶν
986 1721 1021 1789 ἐν
1042 1726 1081 1814 τῇ
1101 1718 1201 1790 πόλει
1221 1716 1346 1807 κτημοί·

167 1854 244 1897 των.
281 1829 345 1898 8εο
359 1832 430 1916 ipsa
444 1831 619 1898 Aristonici
642 1833 810 1899 annotatio
833 1837 959 1898 servata
978 1833 1042 1898 hoc
1063 1832 1175 1898 modo:
1196 1824 1217 1916 ἡ
1244 1829 1346 1918 διπλῆ

169 1942 291 2026 <atheo
299 1963 366 2006 non
374 1943 479 2005 exstat
489 1940 523 2004 in
532 1940 657 2025 codice>
669 1937 755 2023 πρὸς
768 1937 807 2006 τὸ
823 1932 961 2023 ἀρχαῖον
975 1933 1067 2024 ἔθος,
1083 1934 1137 2005 ὅτι
1153 1933 1185 2004 ολ
1204 1937 1346 2022 πολιορ-

169 2043 330 2131 κούμενοι
349 2052 410 2114 cet.
445 2047 536 2113 Idem
550 2049 671 2114 factum
691 2051 724 2111 ip
736 2040 810 2129 523‚'
828 2048 916 2134 quod
930 2047 1094 2134 intelliges
1116 2070 1156 2113 ex
1169 2046 1345 2113 Herodiani

171 2180 254 2243 quae
283 2156 406 2223 ibidem
433 2159 483 2221 est
509 2156 741 2222 observatione.
783 2156 833 2221 De
862 2156 1007 2241 reliquis,
1035 2157 1070 2220 in
1092 2178 1175 2241 quos
1196 2155 1258 2220 hoc
1279 2176 1346 2220 non

171 2266 265 2344 cadit,
286 2264 365 2350 qnid
379 2264 586 2330 statuendum
607 2264 658 2344 sit,
680 2287 718 2329 ea
740 2265 965 2329 observatione
987 2263 1148 2341 ducemur,
1170 2262 1258 2347 quod
1275 2256 1366 2347 ple?

172 2394 300 2457 raeque,
318 2394 401 2457 quae
416 2371 567 2436 dicuntur
580 2394 600 2437 a
614 2371 807 2456 quibusdam
821 2372 946 2455 positae
969 2393 1047 2446 esse,
1071 2375 1168 2436 notae
1189 2370 1229 2435 iis
1250 2370 1347 2436 rebus

172 2479 383 2556 adhibentis,
413 2500 493 2561 quas
519 2477 708 2563 plerumque
735 2479 776 2544 ab
804 2479 876 2564 ipso
902 2477 1090 2543 Aristarcho
1119 2481 1247 2543 notatas
1277 2499 1346 2543 esse

172 2586 362 2653 invenimus.
399 2585 453 2651 Sic
475 2585 563 2669 quod
583 2585 772 2671 legebamus
788 2590 819 2648 Z
831 2592 892 2654 219
912 2579 1024 2662 Οἰνεὺς
1039 2581 1117 2669 μένε
1138 2579 1349 2670 σημειοῦνταί

172 2716 256 2771 τινες
270 2689 320 2758 ὅτι
337 2688 422 2776 πρὸς
435 2690 473 2758 τὸ
489 2694 623 2777 πρῶτον
643 2686 838 2782 ἀπήντηκεν.
875 2692 939 2761 sed
953 2693 1130 2760 innumeris
1144 2694 1223 2760 locis
1238 2694 1348 2779 diplen

172 2802 312 2889 positam
330 2800 511 2867 invenimus
533 2794 610 2877 „tu
624 2798 711 2883 πρὸς
731 2798 769 2867 τδ
794 2796 947 2887 δεύτερον
967 2795 1128 2888 πρότερον
1148 2793 1347 2889 δπὴνιηκε.“

173 2914 296 2979 3629.
334 2910 367 2973 Α
388 2916 458 2977 451.
492 2912 523 2971 Ζ
542 2915 610 2977 198.
646 2911 680 2972 H
700 2915 729 2978 8.
747 2915 817 2978 276.
841 2915 912 2978 306.
951 2910 1048 2977 Θ65.
1083 2912 1104 2971 Ι
1123 2914 1192 2978 531.
1226 2912 1265 2972 Λ
1290 2915 1348 2976 109

173 3021 268 3102 (ιιι).
291 3022 362 3086 aar.
389 3020 424 3079 Ν
443 3019 487 3099 (ι)
510 3022 581 3085 ros.
621 3013 741 3085 Ξοοι.
787 3017 865 3085 οε.
889 3023 938 3085 ss.
960 3021 1030 3085 σεο.
1057 3020 1109 3100 (11
1126 3019 1201 3099 νει)
1227 3018 1257 3079 5.
1276 3022 1348 3085 ιοο.

173 3133 241 3195 σοι.
275 3128 365 3194 rae.
386 3129 458 3193 aas.
494 3124 532 3188 Χ
548 3129 615 3193 158.
649 3124 681 3188 α
704 3131 774 3192 cos.
797 3160 838 3172 -
858 3123 941 3190 uem
963 3127 1002 3187 A
1017 3130 1056 3192 cs
1078 3127 1158 3201 aas:
1176 3126 1347 3208 σημειοῦν-

171 3228 228 3299 ταί
240 3254 329 3311 τινες
347 3229 401 3297 ὅτι
421 3233 520 3298 τοῦτο
542 3222 615 3296 ἀντὶ
634 3234 695 3297 τοῦ
716 3226 806 3309 ὅλος.
844 3230 908 3299 Sed
931 3221 1117 3317 saepissime
1140 3232 1226 3317 diple
1241 3231 1349 3316 posita

172 3366 211 3409 eo
232 3344 426 3428 argumento
448 3334 528 3417 „Aa
548 3342 617 3417 πᾶς
638 3332 713 3405 ἄντί
732 3342 790 3404 τοῦ
812 3334 925 3415 tinec,
952 3342 981 3402 Β
1003 3345 1072 3408 809.
1107 3341 1136 3403 Θ
1157 3345 1206 3408 58.
1239 3344 1278 3403 Λ
1299 3345 1348 3406 65.

178 3453 215 3513 Μ
236 3456 309 3518 340.
343 3452 378 3511 Ν
402 3449 487 3532 (191)
516 3452 586 3517 408.
616 3453 687 3516 548.
724 3452 759 3513 Π
785 3452 855 3515 333.
878 3452 947 3515 801.
988 3450 1019 3511 tl)
1046 3451 1115 3515 345.
1152 3451 1190 3510 Χ
1208 3452 1277 3515 286.
1318 3449 1350 3509 Ψ

176 3562 243 3626 135.
266 3594 307 3606 -
331 3558 375 3620 M
394 3560 455 3624 303
474 3549 688 3641 σημειοῦνταί
708 3577 794 3632 τινες
816 3550 965 3619 ἐνταῦθα
985 3549 1040 3618 δ’τι
1061 3552 1200 3644 περισσὴ
1221 3548 1241 3642 ἦ
1264 3548 1349 3635 πρό-

174 3668 272 3742 θεσις
294 3655 315 3752 ἦ
341 3658 421 3746 περί
447 3660 691 3747 (φυλάσσοντας
716 3659 794 3745 περί
817 3662 931 3750 μῆλα).
975 3665 1020 3728 At
1047 3665 1080 3728 et
1109 3663 1191 3727 aliae
1216 3661 1349 3729 voculae

175 3773 355 3858 superfluae
385 3774 464 3836 nota
488 3771 646 3837 indicatae
670 3775 704 3837 et
728 3770 999 3856 praepositiones,
1027 3793 1054 3835 v.
1085 3770 1115 3833 Θ
1138 3778 1175 3838 10
1201 3773 1253 3854 (Π
1276 3772 1349 3853 591)

179 3885 209 3943 Τ
219 3886 267 3950 62.
298 3880 381 3946 Cum
395 3878 458 3943 hoc
471 3901 547 3944 vero
562 3878 635 3944 loco
654 3882 820 3963 praeterea
841 3878 1104 3962 coniungendum
1124 3877 1224 3944 schol
1240 3880 1275 3940 K
1290 3881 1348 3945 188

175 3982 480 4074 φυλασσομένοισιε
502 3978 535 4072 (ἡ
554 3983 669 4071 διπλῆ)
692 3980 744 4051 ὅτι
758 3976 831 4049 ἇνιί
843 3988 903 4051 τοῦ
925 3978 1141 4069 φυλάσσουσι,
1161 3980 1352 4070 παθητικὸν

175 4087 246 4162 ἀντὶ
268 4091 486 4179 ἐνεργητικοῦ.
520 4090 603 4158 Item
624 4093 712 4177 quod
734 4098 802 4160 erat
824 4096 867 4156 M
880 4101 938 4162 211
962 4084 1174 4178 σημειοῦνταί
1191 4113 1278 4168 τινες
1299 4086 1350 4157 ὅτι

173 4206 270 4270 τοῦτο
293 4196 340 4281 ὡς
359 4194 534 4287 γενόμενον
556 4196 655 4284 λέγει,
677 4193 848 4284 γινόμενον
870 4197 907 4265 δὲ
930 4195 968 4264 οὗ
989 4192 1182 4284 παρίστησι·
1207 4195 1264 4262 καὶ
1286 4220 1351 4261 πα-

173 4313 281 4394 ρεῖται
309 4305 330 4398 ἡ
356 4301 537 4391 πρόθεσις,
565 4304 600 4371 ἐν
624 4301 762 4392 ἀγοραῖς
786 4303 865 4390 prio,
892 4308 968 4373 huic
995 4308 1134 4392 primum
1156 4306 1350 4391 respondent

172 4420 306 4506 plurimi
340 4417 404 4484 loci
435 4420 568 4502 propter
595 4417 747 4483 omissam
780 4417 1052 4502 praepositionem
1082 4415 1187 4481 notati
1214 4407 1347 4493 (λείπει,
