3425 4934
371 331 432 397 224
554 327 604 383 ΙΙΙ.
627 319 669 382 De
686 317 838 383 Aristarchi
857 316 978 381 seientia
994 321 1172 394 antiquitatis
1183 315 1355 379 Homericae.

372 491 429 559 καί
448 486 637 577 άστερίσκοι
657 487 879 578 παράκεινται
899 486 952 559 δτι
971 541 979 556 .
997 546 1003 559 .
1020 541 1028 556 .
1043 542 1051 559 .
1069 486 1233 573 ὕστερον
1260 486 1297 555 δὲ
1318 485 1354 555 ἓν
1371 491 1443 567 τοῖς
1463 485 1544 568 περὶ

369 603 428 665 τοῦ
449 592 665 684 ναυστάθμου
680 593 908 684 ἀπολογεῖται.
941 598 1036 665 Illum
1053 599 1305 686 disputationem
1318 597 1464 664 videmus
1479 596 1543 663 diei

371 713 405 773 et
428 704 467 774 τὸ
490 710 541 774 vel
572 704 613 773 τδι
641 731 677 776 π.
699 730 726 775 τ.
754 730 780 770 ν.
808 711 842 773 et
870 706 1041 791 aliquoties
1071 702 1109 769 τδ
1138 703 1298 790 περὶτοῦ
1323 697 1542 786 ναυστάθμου

306 822 354 873 ιιι
374 808 575 900 διάγραμμα.
611 814 706 893 Quod
731 819 838 880 autem
859 813 981 900 legitur
1001 812 1109 879 inne
1126 812 1170 880 M.
1192 837 1224 898 p.
1247 820 1316 892 540,
1337 819 1378 882 ιο
1398 808 1477 894 περὶ
1498 798 1543 877 ὧν

369 917 404 987 δν
432 924 505 1000 ταῖς
533 918 611 1005 περὶ
638 916 853 1003 ναυστάθμου
881 916 1049 999 διαλίξεσι
1079 925 1266 1006 oonuptum
1300 924 1358 987 est
1409 919 1543 986 Etenim

368 1030 572 1115 transcripsit
598 1029 651 1096 hio
681 1033 793 1096 auctor
818 1027 917 1094 verbo
942 1025 1114 1093 Nicanoris
1145 1029 1185 1094 nd
1211 1030 1256 1091 M
1279 1034 1354 1109 258,
1379 1028 1437 1094 ubi
1461 1028 1543 1093 hsec

369 1138 466 1203 verbe
485 1136 532 1202 its
552 1137 718 1223 leguntur:
746 1132 824 1217 περὶ
848 1124 895 1200 ὦν
919 1129 955 1200 έν
974 1137 1046 1212 τοῖς
1065 1131 1143 1219 περὶ
1162 1128 1380 1218 ναυστάθμου
1401 1130 1542 1219 λέγεται

370 1244 495 1323 Quibus
519 1244 634 1311 iisdem
658 1245 776 1310 iterum
796 1241 941 1308 Nicanor
966 1242 1069 1309 utitur
1088 1245 1118 1305 Σ
1136 1248 1190 1322 68,
1212 1242 1270 1308 ubi
1291 1242 1429 1310 eundem
1449 1242 1542 1308 libel·

367 1351 436 1416 lum
457 1355 695 1418 commemoret.
736 1350 827 1438 Ergo
858 1354 971 1417 euotor
996 1349 1103 1436 Etyrn
1124 1351 1253 1436 scripsit
1279 1345 1471 1434 διαλάμποι
1490 1349 1543 1415 vel

369 1455 517 1537 διέξεισι.
558 1457 642 1524 Illud
668 1479 743 1524 vero
773 1448 968 1540 διάγραμμα
998 1479 1036 1523 eo
1066 1457 1155 1524 ducit
1175 1461 1214 1524 ut
1240 1462 1352 1543 putem
1378 1479 1543 1525 commen·

369 1565 451 1631 turio
474 1564 616 1631 additam
636 1565 736 1631 finese
758 1563 912 1631 tabidam.

368 2063 454 2149 apud
479 2063 675 2151 posteriores
698 2068 812 2150 poetes
833 2063 1079 2150 Peloponnesus
1106 2064 1234 2143 dieitur,
1256 2064 1342 2150 opud
1363 2064 1542 2131 Homerum

370 2167 455 2257 άπίη
477 2166 554 2257 γαίη
577 2175 627 2237 est
647 2176 771 2237 remote
791 2176 886 2237 terra.
928 2176 967 2235 A
988 2177 1057 2240 270.
1086 2175 1117 2236 Γ
1136 2178 1184 2240 49.
1213 2171 1253 2239 V.
1276 2196 1302 2240 s.
1316 2164 1449 2256 Ἄργος.

785 2496 937 2589 Ἄργος.
976 2496 1121 2582 Ἑλλάς.

441 2645 591 2736 Ἄργος.
622 2654 655 2716 Δ
671 2660 726 2722 171
747 2647 781 2740 (ἡ
799 2652 918 2741 διπλῆ)
940 2650 994 2721 δ’τι
1002 2648 1127 2742 ’Ἄργος
1138 2652 1200 2742 τὴν
1213 2652 1481 2743 Πελοπόννησον,
1499 2649 1538 2720 σά

284 2779 356 2849 (γει)
367 2784 428 2848 την
448 2753 551 2827 πόλιν
572 2754 670 2844 λέγει.
699 2765 731 2823 Ζ
745 2766 803 2829 152
814 2754 940 2845 ’Ἀργος
954 2760 991 2828 δέ
1004 2755 1195 2845 ἱππόβοτον
1207 2761 1268 2849 τὴν
1281 2758 1541 2850 Πελοπόννησον

368 2867 471 2946 καλεῖ,
487 2864 548 2953 τὴν
563 2863 600 2932 δὲ
617 2863 800 2933 Θετταλίαν
812 2862 937 2955 ’Ἄργος
949 2865 1170 2955 Πελασγικόν.
1195 2874 1217 2935 Ι
1228 2880 1285 2941 141
1302 2866 1335 2958 (ἡ
1353 2870 1472 2959 διπλῆ)
1486 2867 1542 2938 ὅτι

366 2973 427 3064 τὴν
440 2969 700 3062 Πελοπόννησον
714 2969 1020 3062 ἈχαιικδνἍργος
1037 2975 1127 3062 λέγει
1140 2974 1198 3043 καὶ
1211 2970 1332 3063 Ἴασον,
1350 2973 1407 3058 „ei
1419 2973 1541 3056 πάντες

366 3102 405 3149 σε
424 3075 533 3149 ἴδοιεν
554 3075 604 3148 ἄν’
618 3076 893 3169 ’Ἰασον’Ἀργσς“
915 3087 949 3168 (σ
962 3088 1047 3170 246),
1065 3083 1278 3170 Πελασγικὸν
1294 3082 1331 3151 δὲ
1343 3078 1467 3171 ’Ἄργος
1479 3082 1540 3173 τὴν

371 3184 568 3256 Θεσσαλίαν.
614 3195 645 3253 Τ
670 3199 727 3260 115
755 3186 792 3279 (ἡ
817 3190 942 3279 διπλῆ)
971 3189 1024 3258 ὅτι
1053 3190 1115 3279 τὴν
1139 3186 1399 3280 Πελοπόννησον
1416 3187 1540 3278 ’Ἄργος

364 3291 522 3380 Ἀχαϊκὸν
543 3293 643 3382 λέγει,
667 3296 727 3385 τὴν
751 3294 939 3365 Θεσσαλίαν
958 3292 1156 3387 (δελἍργος
1176 3296 1396 3386 Πελασγικόν.

450 3410 471 3471 1
489 3411 550 3475 246
562 3397 703 3490 Ἄργεος
723 3399 947 3491 ίπποβότοιοι
967 3404 1181 3495 σημειοῦνταί
1200 3432 1286 3488 τινες
1306 3404 1359 3476 ὅτι
1377 3407 1438 3497 τὴν
1459 3404 1539 3496 ὅλην

367 3506 688 3600 Πελοπόννησον1400
712 3507 772 3579 οὐκ
793 3504 883 3580 οἶδεν
904 3506 923 3582 δ
939 3511 1091 3603 ποιητής,
1105 3511 1263 3595 Ἡσίοδος
1279 3515 1327 3586 δέ.
1354 3521 1394 3583 A
1406 3523 1466 3587 270
1480 3540 1538 3603 τη·

367 3617 472 3686 λάθεν
493 3616 531 3701 ἐξ
549 3613 668 3709 άπίηςε
689 3618 743 3690 ὅτι
762 3616 990 3709 παραλλήλως
1009 3621 1155 3711 τηλόθεν
1170 3621 1207 3707 δξ
1219 3617 1334 3711 άπίης·
1358 3619 1392 3690 σί
1406 3621 1443 3689 δὲ
1457 3618 1537 3689 νεοί-

365 3750 457 3813 τεροι
477 3723 665 3810 ἐξεδέξαντο
686 3728 747 3819 τὴν
767 3727 1035 3819 Πελοπόννησον.
1065 3736 1096 3797 Γ
1113 3741 1154 3803 49
1175 3728 1208 3822 (ἦ
1227 3732 1345 3822 διπλῆ)
1364 3728 1418 3799 δ’τι
1431 3724 1537 3798 άπίαν

366 3836 426 3924 τὴν
453 3833 541 3903 πολὺ
574 3829 792 3927 ἀφεστῶσαν,
825 3833 885 3920 οὔχ
916 3835 961 3918 ὡς
991 3834 1023 3906 σί
1049 3836 1204 3927 νεώτεροι
1233 3839 1295 3932 τὴν
1319 3836 1537 3927 Πελοπόννη-

367 3944 502 4015 oovlfflfl.
543 3944 625 4035 φησί
650 3950 729 4032 γοῦν
750 3943 814 4028 »ἐξ
833 3939 938 4035 άπίης
959 3945 1053 4036 γαίης
1074 3945 1202 4037 δεκάτῳ
1224 3946 1389 4037 δνιαυτηῦίί
1411 3955 1453 4037 (π
1474 3953 1535 4035 18).

366 4051 406 4120 V.
428 4054 493 4120 sols
514 4075 535 4139 η
557 4060 604 4123 25.

433 4291 488 4332 1⁴⁰⁰
507 4282 759 4358 (Πελοπόννησον
777 4282 813 4345 ιδ
830 4288 863 4345 δὲ
882 4282 975 4359 ὄνομα
994 4289 1048 4346 oux
1065 4283 1147 4347 οἶδεν
1164 4281 1226 4347 δτι.
1249 4289 1467 4360 Friedleender.>

433 4373 492 4417 14⁰⁶
508 4371 599 4440 (Quae
615 4374 771 4442 sequuntur
787 4372 889 4429 desunt
905 4373 935 4429 in
952 4374 1013 4430 eod,
1031 4375 1078 4445 A.)
