3425 4934
380 359 419 421 86
460 351 493 404 Π.
521 349 563 406 Ι)ε
581 349 758 406 Aristarcheu
774 349 973 405 vocabulorum
990 349 1199 405 Homericorum
1216 349 1455 420 interpretatione.

377 540 497 605 prore:
520 518 606 604 quod
621 517 699 603 quid
717 517 779 582 sibi
793 517 871 582 velit
892 517 977 582 docti
998 516 1192 604 intelligunt
1227 517 1416 583 Rectissime
1437 516 1543 603 hymm

377 623 459 689 Ven.
491 628 549 692 128
582 624 789 689 coniunctum
822 623 1015 689 vocabulum
1049 645 1122 689 cum
1155 645 1331 709 synonymo
1365 619 1541 698 δεικνύναι,

377 723 481 812 αὐτὰρ
503 726 620 819 ἐπειδὴ
644 728 730 810 δεῖξε
750 727 808 796 καὶ
828 723 971 819 ἔφρασεν
992 767 1042 798 -.
1061 728 1099 796 Π.
1118 733 1157 793 A
1178 734 1217 798 83
1238 731 1272 795 in
1292 731 1545 816 Agamemnonis

378 839 523 904 oratione
545 839 584 904 sd
606 838 813 905 Calchantem

688 943 726 1010 σὺ
750 942 787 1011 δὲ
808 938 939 1034 φράσαι
959 938 995 1010 εἴ
1007 967 1050 1027 με
1071 938 1213 1021 σαώσεις

375 1051 459 1118 hunc
472 1052 643 1119 lectionem
656 1075 716 1139 pro
732 1052 917 1119 Zenodotes
938 1045 1068 1141 φράσον
1089 1052 1231 1140 elegerat
1244 1052 1458 1133 Aristarchus,
1477 1076 1544 1120 non

377 1159 464 1244 quod
489 1152 619 1247 φράσον
647 1165 731 1226 sture
757 1182 823 1224 non
849 1163 960 1245 posset
986 1162 1035 1242 (ut
1060 1159 1161 1226 videri
1187 1160 1292 1245 possit
1316 1182 1355 1225 ex
1376 1159 1544 1245 Apollonii

376 1265 437 1332 lex.
455 1290 486 1352 p.
510 1271 571 1336 840
592 1268 683 1354 (165,
707 1274 726 1334 7
746 1266 891 1350 Remo),
918 1266 975 1331 eod
1002 1267 1089 1352 quod
1115 1288 1153 1332 eo
1183 1267 1256 1332 loco
1286 1260 1415 1354 φράσαι
1441 1269 1544 1356 signi-

376 1372 524 1440 ficantius
550 1374 666 1455 visum,
693 1377 730 1440 ut
755 1374 958 1439 Aristonicus
987 1375 1094 1441 docet:
1127 1368 1180 1439 δτι
1209 1365 1397 1458 Ζηνόδοτος
1422 1367 1545 1463 γράφει

376 1472 520 1567 φράσον·
547 1479 676 1563 μᾶλλον
698 1477 795 1546 δὲτὸ
817 1475 947 1568 φράσαι
966 1473 1114 1563 ἁρμόζει.
1148 1478 1218 1546 Nec
1239 1484 1267 1544 δ
1290 1487 1349 1548 142
1370 1472 1470 1558 οὗτὸς
1490 1484 1544 1546 νῦν

376 1585 602 1670 προκάλεσσαι
615 1582 677 1653 ἰὼν
697 1585 754 1655 καὶ
774 1583 929 1676 πέφραδε
948 1590 1070 1672 μῦθον,
1091 1589 1148 1654 ubi
1168 1593 1343 1656 annotatur
1363 1580 1438 1654 σότε
1451 1583 1544 1672 'Aoi-

376 1715 515 1779 σταρχσς
546 1687 620 1761 οότι
638 1690 881 1784 Ἀριστοφάνης
905 1687 981 1760 otte
1001 1692 1189 1783 Ζηνόδοτος
1214 1691 1407 1761 ἐπίστανται
1427 1699 1544 1762 τοῦτον

329 1812 360 1864 86
377 1799 435 1867 τὸν
457 1797 580 1882 στίχον,
609 1803 757 1871 vocabuli
782 1803 975 1891 significatio
1006 1804 1128 1869 absone
1151 1804 1232 1885 vise,
1259 1804 1316 1869 sod
1340 1803 1543 1871 hauddubie

376 1912 488 1977 uberat
520 1932 629 1977 versus
661 1912 696 1977 in
731 1910 919 1977 melioribus
950 1910 1025 1976 Mss.
1057 1909 1143 1976 Nam
1173 1916 1226 1990 (ue
1257 1911 1296 1976 de
1325 1910 1543 1997 Aristophane

377 2018 492 2101 dicem)
519 2016 703 2086 Zenodotus
735 2022 821 2085 certe
850 2019 891 2084 ud
919 2017 984 2083 vim
1009 2019 1096 2085 vocis
1121 2040 1163 2083 ne
1193 2018 1374 2083 attenderet
1403 2019 1543 2103 quidem.

375 2124 453 2191 Non
467 2146 599 2209 possum
611 2126 646 2190 in
659 2125 720 2192 huc
733 2148 768 2192 re
787 2125 882 2192 aliter
901 2125 1041 2191 iudicare
1061 2146 1121 2191 nec
1142 2146 1216 2192 cum
1228 2124 1395 2191 Nitzschio
1416 2127 1544 2192 sentire.

842 2328 1072 2339 .,.-.-——-

906 2558 1022 2637 Σῶμα

555 2705 646 2793 σφιιδ
665 2707 839 2773 Homerum
859 2705 976 2772 διαλειν
996 2719 1120 2772 metum
1141 2705 1180 2772 de
1200 2706 1361 2772 cadauere.

458 2869 609 2956 Apollon.
622 2870 682 2938 les
695 2869 738 2939 H.
752 2893 783 2956 p.
795 2878 856 2939 754
872 2865 889 2935 ὁ
905 2863 1118 2954 Ἀρίσταρχος
1131 2864 1379 2958 πορατιτήριμε
1392 2868 1431 2938 τὸ
1446 2867 1543 2959 σύνη-

376 2983 438 3056 θες
453 2971 599 3064 Ὁμήρῳ.
641 2974 699 3042 καὶ
724 2973 942 3063 σεσημείωται
965 2976 1068 3066 διπλῇ
1091 2973 1145 3045 ότι
1165 2981 1262 3060 σῶμα
1275 2974 1423 3065 Ὅμηρος
1444 2973 1543 3045 σδδέ·

376 3108 458 3152 ποτε
479 3082 537 3151 ἐντὶ
556 3086 616 3151 τοῦ
636 3082 758 3164 ζῶντος
778 3077 914 3171 εἴρηκεν.

457 3194 554 3275 σῶμα
574 3187 611 3256 δὲ
633 3183 745 3257 οἴκαδ’
768 3188 849 3274 ἐμὸν
872 3185 1010 3274 δόμεναι
1032 3196 1082 3277 (Χ
1101 3196 1174 3276 342)

376 3296 433 3366 καὶ
449 3295 554 3363 πάλιν

457 3400 592 3493 μεγάλῳ
613 3403 672 3473 ἐπὶ
691 3402 820 3489 στόματι
841 3400 964 3489 κόρσας
984 3409 1028 3491 (Γ
1044 3411 1106 3490 23).

461 3622 548 3713 καλῇ
567 3646 603 3688 τε
622 3617 750 3711 μεγάλῃ
770 3645 806 3687 τε
828 3626 858 3706 (ν
878 3627 961 3708 288).

376 3733 466 3800 Haeo
488 3731 602 3798 ultime
622 3730 770 3797 mutilate
791 3731 869 3816 quid
892 3731 954 3796 sibi
975 3730 1077 3797 velint
1097 3732 1151 3811 (sc.
1175 3731 1213 3795 de
1233 3732 1306 3799 vivo
1328 3754 1461 3817 corpore
1476 3733 1546 3799 Ho-

376 3862 499 3905 merum
515 3839 619 3905 dicere
635 3834 751 3923 δέμας)
773 3841 805 3905 et
823 3861 882 3924 per
902 3861 936 3904 se
950 3842 1040 3923 petet
1062 3842 1094 3904 et
1114 3837 1294 3904 illustratur
1314 3839 1365 3905 his
1379 3839 1545 3907 Plutarchi

376 3968 464 4033 poss.
479 3946 573 4012 Hom
591 3969 618 4013 c.
636 3953 693 4014 124
708 3940 793 4011 ὅθεν
813 3937 948 4011 κάκεῖνσ
971 3943 1153 4022 δοκεῖτοῖς
1174 3939 1379 4034 φιλοσόφοις
1398 3944 1437 4014 τὸ
1460 3937 1545 4013 εἶναι

375 4052 414 4120 τὸ
441 4055 535 4136 σῶμα
561 4046 688 4137 τρόπον
711 4050 787 4117 τινά
814 4054 873 4141 τῆς
899 4056 1007 4141 ραιχῆς
1032 4047 1264 4142 δεσμωτήριον.
1302 4050 1360 4119 καὶ
1385 4056 1482 4121 τοῦτο
1509 4050 1546 4120 δὲ

369 4157 517 4246 Ὅμηρος
540 4162 672 4245 πρῶτος
698 4153 859 4246 ἐδήλωσε·
883 4158 922 4226 τὸ
948 4155 1010 4244 μὲν
1036 4157 1098 4246 γὰρ
1124 4162 1190 4225 τῶν
1216 4155 1345 4241 ζώντων
1367 4154 1420 4227 ἀεὶ
1442 4159 1547 4244 δέμας

298 4278 306 4287 ’
375 4264 629 4353 προσαγορεύει,
662 4261 709 4345 ὥς
733 4263 769 4333 e
793 4260 925 4346 τοότοις
955 4261 1022 4347 „oti
1046 4264 1151 4350 δέμας
1172 4260 1253 4334 οὐδὲ
1276 4262 1385 4358 φυήν(ι
1414 4271 1446 4355 (ι
1468 4270 1545 4355 212>

375 4370 432 4441 καὶ
453 4370 583 4457 „etuas
604 4368 636 4439 δ’
657 4366 755 4462 ἤϊκτο
777 4370 933 4461 γοναικίίί
954 4373 1011 4442 καὶ
1031 4367 1135 4462 „issue
1157 4370 1238 4465 ἐμὴν
1259 4368 1380 4462 ἀρετὴν
1400 4367 1490 4454 εἶδός
1509 4399 1544 4442 τε
