3425 4934
597 325 620 377 3.
643 319 734 386 πόνος
752 319 782 375 et
798 327 909 378 πονεῖν.
1297 327 1337 391 73

168 516 198 578 p.
219 492 292 575 340)
318 493 353 556 et
377 485 436 555 τὸν
460 490 565 570 ξεῖνον
586 481 733 555 ἐναντίον
754 476 821 553 ὦδε
841 482 1012 555 κάλεσσον.
1050 488 1231 575 Utrumque
1251 494 1338 556 recte
1457 542 1466 573 ,

169 599 253 686 cepit
266 598 409 665 Nitrach.
431 598 472 664 ad
487 597 546 665 Od.
563 620 584 661 α
601 601 669 665 182.
705 596 750 663 Et
767 620 789 660 α
806 601 875 675 182,
897 597 976 662 item
996 599 1083 678 (928,
1107 599 1194 683 quod
1216 598 1339 665 scholia

169 711 202 772 et
215 705 419 773 consentiens
432 706 472 772 iis
485 705 639 791 Apollon.
661 708 743 790 synt
761 727 792 789 p.
806 710 846 772 72
868 703 1005 770 afferunt
1026 699 1158 782 ,οὕτως
1171 696 1219 781 ὥς
1232 699 1338 794 ὁρᾷςα

169 818 202 880 et
221 814 327 899 priore
347 813 421 879 loco
441 808 571 890 „elleos
594 803 640 887 ὦς
662 806 756 899 ὁρᾷς,
785 805 831 888 ὥς
851 805 1000 896 ἰδιώτης,
1026 805 1084 892 οὐχ
1105 807 1151 889 ὡς
1172 808 1339 896 ἐπέβαλλε

169 920 325 1002 βασιλεῖῑό
351 921 415 988 hoc
442 920 488 986 ita
513 920 668 987 satisfacit
694 920 803 1004 (modo
830 942 871 986 ne
899 918 1087 986 obliviscare
1107 922 1143 986 in
1163 922 1215 989 his
1237 923 1338 988 subti-

168 1030 251 1098 libus
264 1029 451 1117 linguamm
466 1028 634 1114 elegantiis
653 1027 823 1114 paululum
843 1028 1023 1094 necessario
1045 1027 1224 1095 claudicare
1244 1052 1339 1116 para·

168 1137 311 1226 phrasin)
337 1140 462 1203 utnon
482 1135 623 1215 videam,
654 1157 711 1201 cur
737 1135 788 1201 his
810 1135 936 1202 duobus
957 1136 1037 1201 locis
1057 1134 1243 1203 Nitzschius
1265 1161 1339 1223 par·

168 1245 285 1312 ticulae
306 1266 423 1311 novam
444 1242 712 1329 significationem
732 1241 902 1311 effinxerit.

250 1351 316 1420 Sed
340 1351 494 1419 Vossimn
524 1351 686 1435 quomodo
716 1350 874 1430 refellam,
904 1350 1056 1417 indefessi
1081 1350 1202 1420 laboris
1226 1353 1339 1435 virum,

169 1462 259 1529 cuius
289 1481 408 1526 nomen
439 1458 589 1524 omnibus
614 1458 749 1524 Homeri
779 1459 933 1526 studiosis
959 1459 1183 1525 verecundiam
1207 1461 1339 1528 iniicere

168 1570 285 1635 debet?
305 1567 337 1634 Is
359 1568 411 1649 (ad
431 1567 540 1652 hymn.
563 1565 632 1633 Ger.
648 1570 718 1649 116)
740 1566 909 1633 confirmat
929 1566 963 1631 in
984 1565 1041 1632 illo
1062 1557 1156 1654 στῆθ’
1180 1563 1285 1646 οὕτως
1305 1564 1340 1647 ἐς

166 1672 290 1759 μόοοον
314 1674 505 1763 particulam
531 1670 633 1750 αἴτιος
658 1673 929 1760 significationem
948 1673 1086 1740 localem
1105 1674 1238 1744 habere!
1272 1678 1339 1743 De·

169 1787 263 1851 mitto
285 1782 459 1850 auriculas!

250 1890 405 1959 Probavit
427 1888 606 1958 Aristarchi
633 1888 903 1969 observationem,
935 1911 1000 1974 qua
1029 1890 1113 1956 nihil
1138 1913 1208 1957 esse
1233 1896 1343 1976 potest

171 2000 300 2080 certius,
320 1997 521 2065 Nitnschius:
550 2019 610 2063 nec
629 1996 802 2063 Passovius
829 1997 1005 2083 quidquam
1031 1997 1202 2065 dubitavit:
1228 1999 1341 2065 itidem

170 2131 189 2173 a
217 2107 381 2174 veteribus
408 2104 586 2172 sexcenties
611 2126 663 2170 res
695 2103 892 2185 inculcatur,
926 2128 955 2170 v.
986 2109 1114 2190 praeter
1132 2105 1341 2172 Eustathium

169 2217 268 2283 schol.
289 2219 320 2279 B
341 2218 412 2282 258.
438 2216 473 2277 Κ
492 2219 541 2282 91.
567 2216 602 2276 Ν
621 2216 691 2280 326.
718 2235 740 2275 α
764 2216 832 2280 182.
860 2214 883 2292 β
907 2219 974 2279 111.
1001 2237 1021 2295 γ
1044 2218 1112 2280 125.
1149 2211 1235 2280 Illud
1255 2208 1341 2298 πρό·

171 2316 243 2405 μαλ’
275 2310 342 2388 alde
370 2321 584 2406 Parephrasta
608 2318 748 2385 Beklrcri
777 2319 918 2386 reddidit
948 2312 1100 2402 nodetur
1126 2316 1276 2399 otvagu.
1301 2359 1341 2368 -

171 2432 285 2498 Denuo
314 2430 439 2497 dicendi
468 2427 693 2494 necessitatem
727 2425 822 2492 nobis
855 2427 1001 2512 imponit·
1022 2428 1199 2498 Bcklrerus.
1247 2428 1342 2508 Quod

172 2538 323 2606 faciemus
340 2538 375 2605 in
396 2535 581 2624 Epimetris.
916 2548 918 2553 ’

636 2771 868 2782 *—

584 3028 714 3110 Πόνος
733 3038 767 3102 et
786 3035 923 3099 πονεῖν
1357 3048 1388 3098 73

291 3213 455 3275 nunquam
476 3187 594 3253 doura
615 3187 873 3275 εᾷγπῇῐεααοπεπι
893 3184 994 3269 tabet,
1014 3184 1073 3251 ced
1092 3186 1216 3251 ἰαόανιζε.

252 3354 395 3437 (Graecis
424 3353 589 3420 vocabulis
616 3352 821 3418 Aristonicus
854 3351 957 3417 utitur
986 3343 1140 3439 ἀλγηδών
1169 3355 1203 3417 et
1227 3355 1341 3417 contre

172 3455 265 3546 ἔργον
285 3466 318 3529 et
338 3456 487 3545 ἐνεργεῖν.
534 3461 741 3527 Recentiores
766 3459 902 3525 eandem
928 3481 996 3524 rem
1020 3462 1192 3545 tangentes
1216 3481 1274 3543 pro
1302 3481 1341 3524 eo

173 3570 281 3636 dicunt
295 3591 529 3655 nonnunquam
547 3568 760 3633 κακοπαθεῖν
774 3570 808 3632 ε1
828 3558 1058 3643 κακοπάθεια,
1082 3568 1170 3651 quod
1183 3567 1268 3632 idem
1283 3569 1339 3633 est.
1351 3574 1406 3645 (87)

172 3676 241 3743 Sch.
262 3676 416 3762 Apollon.
437 3676 485 3743 IV
508 3682 587 3745 1453
618 3666 792 3760 γειομόροι
815 3665 1000 3760 μόρμηκεςε
1033 3667 1066 3740 ol
1092 3669 1170 3758 περὶ
1197 3671 1257 3762 τὴν
1284 3676 1343 3760 γῆν

172 3788 470 3867 κακοπαθοῦντες.)

250 3892 316 3960 Res
337 3915 397 3978 per
418 3893 527 3978 diplen
548 3896 662 3958 notata
679 3894 709 3955 Β
730 3896 801 3959 291.
828 3891 859 3953 Ε
878 3896 950 3958 667.
975 3894 1008 3953 H
1030 3895 1099 3959 319.
1125 3892 1160 3953 K
1182 3895 1249 3957 116.
1274 3895 1341 3957 161.

236 4137 261 4177 41
278 4133 366 4205 Apud
378 4129 487 4187 Atticos
498 4148 611 4202 quoque
622 4134 665 4187 est
680 4130 730 4186 ubi
748 4120 806 4187 doe
822 4131 881 4186 vim
897 4148 976 4186 suam
993 4128 1109 4185 obiiciat
1126 4130 1156 4184 et
1174 4127 1216 4184 ita
1232 4128 1342 4185 dicatur

172 4220 204 4273 nt
219 4212 314 4283 odrae
332 4217 389 4286 „sic
405 4218 535 4273 temere.“
566 4216 638 4274 Plat
655 4215 739 4287 Soplu
759 4221 824 4271 21⁷0
842 4219 886 4289 τῷ
901 4212 959 4287 γὰρ
978 4207 1040 4270 ὄντι
1057 4214 1092 4268 τό
1110 4218 1163 4267 νῦν
1179 4208 1273 4285 ῥηθὲν
1289 4213 1341 4284 οὔχ

173 4296 243 4358 door
265 4292 324 4358 ὦδε
348 4298 500 4373 ἐρωτηθὲν
525 4296 673 4357 ἐλπίσειεν
694 4293 730 4356 ἂν
751 4297 822 4357 αὐτὸ
841 4294 917 4356 εἶναί
932 4316 990 4369 τις,
1010 4288 1082 4353 ἀλλὰ
1098 4295 1234 4370 τνγχάνει
1251 4291 1342 4371 λόγον

172 4391 344 4459 πομμόιιονς
362 4380 404 4443 ὄν.
