3425 4934
812 298 860 357 IV.
887 302 929 357 De
946 301 1082 373 prosodia.

876 581 916 656 O.
944 581 1011 656 ΙΙΙ.

631 748 681 814 De
697 749 815 833 spiritu
836 749 1055 814 uocabulorum
1072 746 1254 834 prirccr‘palr’.

444 916 512 981 Iam
534 912 667 999 accingo
688 935 740 977 rue
761 919 798 979 ut
818 915 950 980 tertium
971 914 1067 979 huius
1090 914 1322 979 dissertationis
1344 917 1442 998 caput
1461 937 1529 999 per·

362 1020 514 1101 scribam,
544 1023 582 1087 de
611 1021 724 1106 spiritu
752 1022 981 1088 vocabulorum
1013 1021 1195 1108 principali:
1231 1022 1287 1087 sed
1315 1021 1405 1087 deest
1429 1045 1530 1106 paene

362 1132 503 1197 materia.
543 1128 716 1195 Herodian.
733 1134 764 1192 Z
775 1135 836 1198 239
855 1130 894 1195 de
914 1130 1028 1215 spiritu
1042 1129 1130 1195 vocis
1151 1123 1225 1216 ἔτος
1245 1130 1421 1214 disputans,
1444 1130 1532 1214 quod

362 1240 475 1305 Alexio
510 1260 578 1303 esse
604 1235 733 1303 volebat
759 1233 844 1324 δτηςε
879 1230 919 1322 „d
948 1233 985 1301 δὲ
1010 1230 1223 1319 Ἀρίσταρχος
1253 1231 1350 1303 οὐδὲν
1380 1230 1532 1319 ίίντικρυς

361 1343 517 1431 περὶτοῦ
537 1339 724 1426 πνεύματος
745 1338 980 1433 ἀπεφήνατολί.
1014 1345 1099 1410 Puto
1121 1345 1299 1411 Aristarchi
1320 1350 1474 1431 tempore,
1495 1349 1532 1410 nt

361 1457 396 1520 in
417 1453 600 1519 accentibus
621 1476 716 1539 saepe
737 1452 859 1519 factum
880 1453 1031 1531 vidimus,
1052 1472 1118 1518 uon
1141 1452 1322 1518 dubitatum
1344 1475 1422 1521 esse.
1464 1452 1532 1518 He·

362 1561 514 1628 rodianus
535 1560 686 1645 Aeschyli
707 1560 936 1646 Eunpidisque
964 1582 1026 1626 usu
1054 1581 1119 1625 non
1147 1559 1317 1626 dubitabili
1344 1553 1423 1641 (οὔτ’
1447 1554 1529 1647 ἔνης,

363 1662 425 1735 oda
446 1662 531 1754 ἴτης)
554 1668 704 1734 defendit.
733 1706 772 1715 —
798 1667 863 1734 Sed
887 1668 922 1732 in
943 1667 1143 1752 paucissimis
1168 1690 1250 1752 qnae
1275 1668 1310 1732 in
1331 1668 1393 1733 hoc
1415 1689 1532 1754 genere

363 1780 537 1861 supersunt
557 1776 769 1842 Aristarcheis
795 1776 913 1840 mirum
942 1778 991 1840 est
1013 1773 1178 1859 complura
1198 1798 1268 1841 esse
1290 1798 1373 1861 quac
1394 1776 1445 1841 vel
1466 1798 1531 1841 non

363 1886 500 1970 probata
526 1883 577 1948 vel
602 1906 668 1949 non
695 1882 875 1969 probabilia
901 1886 989 1947 sunt:
1021 1881 1108 1966 quod
1133 1883 1220 1948 etin
1242 1883 1426 1949 accentibus
1447 1884 1532 1949 etin

362 1994 433 2078 ipsa
459 1992 740 2076 interaspiratione
769 1991 803 2055 in
837 2011 957 2077 magna
992 1991 1212 2075 exemplorum
1246 1992 1339 2077 copia
1372 1992 1533 2057 rarissime

362 2101 483 2165 factum
505 2099 653 2166 vidimus.
693 2099 839 2164 Primum
859 2093 915 2183 ἤϊε
940 2099 1053 2181 Φοῖβε.
1090 2098 1209 2164 Herod.
1232 2099 1260 2163 0
1281 2103 1342 2166 365
1361 2091 1534 2181 Ἀρίσταρ-

360 2230 418 2286 χος
440 2201 587 2285 δασύνει,
616 2200 686 2271 ἀπὸ
707 2208 765 2293 τῆς
786 2202 888 2282 ἕσεως
907 2208 972 2269 τῶν
993 2204 1112 2289 βελῶν·
1146 2198 1178 2271 οἱ
1206 2201 1244 2270 δὲ
1264 2203 1342 2288 περὶ
1362 2204 1420 2272 τὸν
1442 2200 1534 2287 Κροί-

362 2338 443 2400 τητα
465 2312 586 2402 ψιλῶς,
612 2307 682 2381 ἀπὸ
704 2316 764 2401 τῆς
785 2306 918 2391 ἰάσεως·
944 2310 1001 2378 καί
1023 2309 1128 2390 οὕτως
1149 2308 1355 2400 ἐπείσθησαν
1377 2308 1409 2380 ολ
1430 2336 1534 2399 γραμ-

361 2418 500 2504 ματικοί
525 2418 612 2505 πρὸς
645 2414 811 2510 διάφορον
840 2415 1058 2506 ἐτυμολογίαν
1090 2417 1263 2510 διαφόρως
1289 2413 1534 2506 ἀναγινώσκειν.

298 2539 343 2589 331
366 2523 523 2614 ἀγνοοῦσι
545 2525 582 2594 δὲ
603 2524 657 2595 ὅτι
679 2523 696 2594 ὁ
718 2527 886 2617 χαρακτὴρ
907 2524 1061 2612 μάχεται·
1097 2522 1150 2594 dei
1177 2527 1239 2613 γὰρ
1264 2526 1303 2594 τὸ
1324 2552 1345 2617 η
1373 2527 1440 2612 πρὸ
1462 2553 1534 2618 φω·

281 2644 350 2713 (aas)
365 2630 498 2724 νήεντος
519 2636 691 2726 φιλοῦσαι,
715 2629 786 2724 ἠώς
807 2630 877 2724 ἤϊα.
916 2636 995 2703 Ιοδε
1017 2660 1086 2704 esse
1108 2632 1177 2724 ἠιίς
1198 2634 1269 2715 ἕως,
1292 2633 1391 2724 ἥλιος
1411 2631 1534 2724 ἠέλιος.

363 2745 448 2811 Tum
463 2746 626 2811 concludit
640 2746 678 2812 de
693 2737 763 2831 ἤίεε
785 2740 869 2810 ὥστε
884 2738 951 2809 εἴτε
970 2741 1007 2809 ἐκ
1027 2748 1086 2810 τοῦ
1105 2741 1182 2833 ἥϊος
1202 2741 1426 2826 δασυνομένου
1449 2742 1534 2810 ἐστίν

364 2848 429 2917 sice
451 2849 488 2918 ἐκ
508 2856 569 2919 τοῦ
590 2847 796 2940 φιλουμένου
818 2845 930 2933 μόνως
949 2849 1128 2940 ψιλωτέον.
1168 2855 1356 2940 Apollinem
1375 2855 1536 2921 medicum

364 2985 429 3027 non
457 2984 526 3028 esse
548 2961 754 3027 Aristarchus
776 2961 1000 3027 observaverat
1022 2964 1063 3043 (v.
1087 2984 1118 3046 p.
1143 2964 1229 3044 180:
1259 2984 1336 3048 ergo
1359 2964 1415 3048 qui
1438 2963 1533 3029 duce·

362 3074 434 3135 rent
455 3070 495 3135 ab
517 3061 641 3133 λᾶσδαι
662 3073 699 3134 ut
721 3068 831 3134 Crates
851 3069 903 3134 bis
924 3069 1145 3135 obsistendum
1167 3074 1249 3135 erat:
1279 3072 1443 3157 egregiam
1463 3070 1533 3137 He·

363 3177 487 3241 rodiani
508 3176 654 3263 regulam
675 3177 824 3243 nesciuit:
847 3179 903 3262 qui
924 3199 1034 3243 verum
1057 3180 1187 3262 etymon
1208 3200 1268 3244 nec
1289 3179 1358 3263 ipse
1380 3179 1469 3245 vidit.
1494 3218 1535 3226 —-

444 3284 590 3350 Alterum
618 3289 667 3351 est
693 3278 786 3349 εἴατο
814 3286 834 3349 i.
856 3307 881 3352 e.
903 3273 1004 3370 ἦσαν,
1034 3307 1100 3350 non
1122 3284 1212 3350 εἵατο
1236 3287 1256 3353 i.
1279 3310 1306 3353 e.
1327 3274 1408 3372 ἧντο
1435 3288 1463 3352 0
1487 3295 1534 3355 10.

362 3394 394 3455 Ω
416 3397 464 3460 84.
485 3417 504 3457 ο
527 3399 594 3461 106.
632 3392 718 3471 Quid
732 3391 954 3458 Aristarchum
975 3393 1111 3459 moverit
1132 3398 1169 3459 ut
1189 3394 1240 3459 vel
1261 3395 1302 3460 ab
1317 3395 1534 3481 Aristophane

364 3500 560 3579 descisceret,
583 3501 639 3585 qui
660 3500 819 3585 probabat
840 3499 931 3565 εἵατο
955 3500 1008 3582 (ad
1031 3501 1062 3564 Ω
1085 3504 1152 3584 84),
1174 3524 1240 3567 non
1262 3503 1423 3570 traditum.
1465 3501 1536 3569 Nec

362 3609 479 3693 probat
504 3607 610 3673 lenem
640 3608 715 3693 spir.
744 3605 948 3674 Herodianus
979 3610 1006 3673 0
1035 3615 1082 3677 10.
1112 3646 1151 3656 —
1179 3607 1324 3674 Tertium
1352 3615 1403 3676 est
1429 3606 1536 3693 ἄρθεν

363 3719 478 3783 11211
499 3707 713 3799 Ἀρίσταρχος
742 3713 883 3783 casua.
931 3713 982 3780 δεῖ
1008 3713 1046 3781 δὲ
1072 3714 1215 3800 ψιλοῦν,
1246 3709 1293 3794 ιδς
1320 3713 1535 3801 ἐπεδείξαμεν

364 3819 400 3887 ἐν
424 3827 465 3912 τῇ
488 3826 527 3887 A
553 3817 715 3911 ῥαψῳδίᾳ
740 3826 825 3906 (136)
850 3816 1136 3907 διαλαμβάνοντες
1164 3822 1240 3908 περὶ
1264 3828 1325 3891 τοῦ
1353 3820 1536 3908 ,,ἷίρσαντες

363 3927 447 3995 κατὰ
459 3923 605 4021 θυμόνίξ.
628 3930 678 3997 llo
692 3931 765 3997 loco
777 3932 955 3998 Herodiani
966 3937 1045 3998 nota
1059 3934 1190 3999 excidit:
1200 3933 1338 4022 legimus
1349 3935 1425 4002 hoc:
1440 3936 1535 4017 (ABL

363 4062 401 4105 ex
416 4040 501 4125 (eu)
516 4039 618 4125 Eust.)
639 4031 813 4120 ι’ίρσαντεςε
836 4031 1051 4123 Ἀρίσταρχος
1075 4035 1222 4105 δασύνει·
1250 4035 1348 4107 ἔνθεν
1368 4036 1429 4127 γάρ
1452 4065 1535 4132 φησι

363 4143 533 4231 γεγονέναι
554 4143 669 4212 καὶτὸ
692 4142 791 4229 δίρμσ.
828 4144 846 4211 ὁ
871 4142 908 4211 δὲ
923 4142 1132 4230 Ἡρωδιανὸς
1151 4147 1254 4236 ψιλοί
1274 4149 1325 4230 (cf.
1348 4151 1388 4217 ad
1409 4157 1440 4214 Ζ
1454 4156 1536 4236 348),

363 4250 468 4338 λέγων
484 4245 552 4319 ἀπὸ
567 4261 625 4319 τοῦ
640 4247 721 4336 ίίρω,
747 4242 820 4320 ott
842 4249 975 4337 μέλλων
989 4249 1166 4333 Azotum
1187 4249 1292 4338 iipuw·
1318 4255 1355 4324 τὸ
1379 4255 1416 4322 δὲ
1433 4281 1455 4323 α
1478 4257 1535 4324 καί

362 4359 398 4427 τὸ
422 4384 438 4427 ε
459 4359 604 4444 προτοῦ
626 4386 645 4447 ρ
668 4356 747 4429 dna
764 4358 877 4447 ἑτέρου
900 4359 1088 4450 φωνήεντος
1106 4360 1351 4451 ἐπιφερομένου
1373 4365 1535 4453 ψιλοῖται
