3425 4934
548 328 572 379 2.
595 323 638 379 De
655 322 850 378 constituenda
867 322 996 380 lectione.
1296 336 1356 397 357

186 492 371 558 Zenodotus
392 485 585 571 τιτίζοντας.
619 490 799 559 Iudicatum
820 492 862 558 ab
882 493 1083 560 Aristarcho:
1110 490 1188 572 ,,ό’τι
1210 489 1359 583 Ζηνόδο-

184 621 242 677 τος
267 592 390 688 γράφει
413 594 607 679 τιτίζοντας·
639 592 771 688 εύτελὴς
792 596 829 666 δὲ
848 595 870 687 ἡ
892 598 994 681 λέξις·
1022 599 1121 667 κατὰ
1143 597 1263 692 φύσιν
1284 601 1356 690 γὰρ
1369 608 1440 679 (379)

187 706 454 796 φθεγγόμενοι
481 700 518 773 oi
546 703 706 775 νεοσσοί
728 702 964 790 τιτίζονσιν,
999 703 1039 775 oi
1071 706 1112 776 δέ
1142 706 1359 777 κατεσθιό-

184 838 296 899 μενοι
317 811 557 901 τρίζονσινίί.
585 819 606 878 I
624 820 664 884 36

606 926 709 989 ταῦτα
732 920 769 989 δύ
788 918 900 990 πάντα

269 1023 358 1096 i'ooc'
378 1024 538 1117 Ἀργείων
559 1024 643 1119 ἠμέν
664 1026 735 1097 νέοι
754 1024 817 1119 ἠδέ
838 1028 1006 1119 γέροντεςε

187 1134 220 1226 (ἡ
236 1139 355 1226 διπλῆ)
370 1133 423 1205 ὅτι
437 1133 625 1226 Ζηνόδοτος
639 1132 763 1229 γράφει
784 1134 968 1230 ,ἡγήτορες
980 1135 1043 1228 ἠδὲ
1062 1139 1253 1225 μέδοντες“.
1282 1137 1358 1225 βέλ-
1375 1151 1424 1203 tos

185 1270 258 1315 τιον
277 1243 314 1312 δὲ
331 1239 606 1334 καθολικώτερον
626 1245 832 1338 γεγράφθαι·
854 1244 1094 1316 καταλείπεται
1116 1246 1177 1335 γὰρ
1200 1245 1235 1315 έν
1256 1252 1361 1315 πᾶσιν

187 1350 208 1442 η
232 1348 313 1436 δόξα
333 1347 484 1437 τάνδρός.
504 1393 546 1407 -
567 1360 598 1420 B
619 1363 680 1425 412
700 1362 850 1443 precatur
868 1361 1087 1446 Agamemno:

270 1464 337 1527 Ζεῦ
358 1457 501 1543 κύδιστε,
525 1459 670 1548 μέγιστε,
692 1463 898 1556 κελαινεφές,
923 1460 1040 1549 αἰθέρι
1059 1459 1172 1543 ναίων,

269 1569 315 1656 μὴ
339 1567 418 1655 πρὶν
438 1565 491 1638 ἐπ’
513 1565 631 1660 ἠέλιον
652 1572 749 1639 δῦναι
770 1572 827 1641 καὶ
849 1570 907 1640 ἐπὶ
928 1570 1055 1661 κνέφας
1076 1568 1200 1651 ἐλθεῖν,

269 1672 348 1764 πρίν
367 1701 410 1762 με
431 1677 516 1744 κατὰ
537 1676 657 1768 πρηνὲς
676 1677 812 1764 βαλέειν
831 1678 1007 1767 Πριάμοιο
1028 1676 1211 1765 μέλαθρον.

188 1789 252 1854 Pro
265 1789 369 1875 primo
384 1809 478 1855 versu
492 1788 546 1853 alii
560 1792 627 1854 Ζεῦ
641 1785 745 1875 πάτερ
755 1784 895 1878 Ἴδηθεν
914 1785 1043 1874 μεδέων
1063 1783 1196 1855 κύδιστε
1215 1784 1360 1872 μέγιστε.

187 1893 269 1976 ,,ό’τι
288 1890 323 1961 έν
339 1915 408 1962 τισι
429 1890 614 1980 γέγραπται
633 1899 702 1962 Ζεῦ
721 1892 826 1981 πότερ
839 1892 978 1986 Ἴδηθεν
998 1892 1135 1980 μεδέων.
1171 1888 1232 1977 οὐχ
1254 1888 1360 1980 ἁρμό-

188 2003 238 2085 ζει
265 2001 302 2070 δέ
326 2002 385 2070 τὸν
413 1997 571 2089 ἐγχώριον
590 2000 660 2070 Δία
686 2005 959 2091 προσκαλεῖσθαι
983 2002 1041 2072 ἐπὶ
1065 2008 1126 2092 τῆς
1146 1998 1357 2090 πορθήσεως,

186 2106 275 2178 ἀλλὰ
296 2109 430 2196 βέλτιον
451 2108 679 2195 κοινοτέρανίί.
702 2152 739 2163 -
762 2119 801 2180 Α
821 2121 883 2183 204
904 2114 1046 2182 Achilles
1068 2115 1109 2180 ad
1129 2113 1320 2181 Minervam:

67 2225 71 2233 '
269 2213 342 2286 ἄλλ’
365 2214 403 2286 έκ
422 2242 477 2285 τοι
498 2216 591 2306 όρέω,
614 2218 653 2288 τὸ
676 2218 713 2287 δὲ
733 2219 791 2288 καί
810 2217 991 2287 τελέεσθαι
1013 2214 1086 2301 όίω,

187 2333 300 2396 contra
320 2328 465 2396 Minerva
485 2334 547 2396 212

270 2424 337 2501 ὧδε
358 2433 420 2521 γὰρ
441 2431 569 2522 ἐξερέω,
592 2433 631 2503 τὸ
655 2434 692 2503 δὲ
713 2435 769 2504 καί
788 2434 1019 2522 τετελεσμένον
1038 2430 1140 2503 ἔσται.

189 2544 306 2612 Ζειιοδ
332 2547 446 2610 contra
472 2544 537 2610 illic
564 2542 793 2629 τετελεσμένον
818 2542 925 2625 ἕσται,
957 2546 1010 2613 hic
1033 2540 1212 2611 τελέεσθαι
1238 2545 1362 2629 (velut

188 2653 244 2720 ille
266 2652 394 2736 scripsit
406 2646 615 2738 τετελέσθαι)
638 2646 710 2721 ὀΐω.
754 2654 819 2722 Sed
841 2657 905 2744 ,,τῇ
921 2647 1053 2742 Ἀθηνᾷ
1073 2648 1213 2737 ἁρμόζει
1233 2651 1361 2735 μᾶλλον

189 2760 439 2844 διαβεβαιοῦνίῑ.
461 2798 501 2808 -
522 2763 553 2824 Β
573 2769 633 2829 447
998 2756 1130 2849 Ἀθήνη

270 2858 375 2952 αἰγίδ’
399 2860 503 2948 i'xovo'
527 2863 689 2955 ἐρίτιμον,
714 2863 864 2958 ἀγήραον
885 2864 1061 2958 όθανότην
1080 2887 1130 2934 τε·

268 2978 328 3064 τῆς
341 2970 468 3071 ,ἑκατόν
489 2970 635 3044 θύσανοι
656 2973 859 3065 παγχρύσεοι
878 2972 1090 3065 ἠερέθονται.

191 3085 345 3152 Zenodot'.
375 3074 570 3170 ἠερέθοντο.
612 3084 826 3175 ,,Ζηνόόοτος
855 3080 979 3174 γρόφει
1004 3086 1239 3172 παρατατικιῦς
1265 3078 1362 3172 ἠερέ·

190 3197 312 3267 θοντο,
346 3185 428 3274 ὅπερ
460 3183 519 3273 ούχ
546 3186 684 3277 ἁρμόζει
716 3191 774 3261 ἐπὶ
802 3188 1017 3262 ύθανότωνίί.
1065 3193 1129 3261 Sed
1164 3194 1215 3260 his
1246 3194 1362 3259 similia

190 3299 350 3386 permulta
385 3304 473 3366 sunt:
515 3324 582 3368 non
617 3307 704 3368 certa
740 3303 905 3390 pleraque,
940 3326 1000 3371 nec
1035 3303 1096 3368 hoc
1130 3301 1257 3384 putavit
1286 3300 1361 3366 Ari·

191 3406 353 3487 starcbus,
383 3407 440 3472 sed
468 3409 502 3473 in
532 3410 680 3477 lectionis
708 3411 933 3497 discrepantia,
963 3434 1036 3477 cum
1061 3411 1095 3476 in
1123 3409 1361 3476 alteramutram

190 3518 315 3601 partem
351 3520 552 3583 momentum
587 3523 773 3604 quaeratur,
808 3519 1002 3605 elegantiam
1036 3518 1178 3604 produnt
1212 3540 1249 3583 ac
1284 3517 1362 3583 sub·

190 3623 351 3690 tilitatem.

274 3732 409 3801 Minime
430 3734 535 3800 audax
555 3737 775 3815 Aristarchum
810 3737 876 3803 imo
902 3735 981 3800 mibi
1009 3739 1132 3801 certum
1160 3739 1210 3801 est
1235 3735 1363 3820 siquid

192 3845 398 3911 Aristarchus
411 3845 557 3931 peccavit
577 3845 611 3910 in
632 3844 828 3912 contrarium
848 3865 1010 3930 peccasse:
1031 3866 1106 3909 nam
1129 3844 1156 3909 si
1177 3847 1280 3909 totam
1301 3843 1362 3909 ho·

191 3954 288 4020 minis
303 3953 517 4020 subtilitatem
530 3954 699 4039 perspicio,
720 3953 836 4038 opinor
856 3975 958 4018 unum
979 3955 1013 4017 et
1032 3950 1169 4017 altemm
1190 3973 1257 4017 non
1277 3949 1362 4016 latu·

191 4085 263 4128 rum
289 4062 388 4127 fusse
420 4062 455 4128 in
481 4061 625 4128 Homero
648 4064 685 4128 ut
710 4060 850 4126 alienum
876 4060 917 4125 ab
943 4060 1012 4125 eius
1042 4059 1274 4125 consuetudine
1300 4059 1363 4125 nisi

192 4170 349 4256 quaedam
370 4169 486 4256 religio
508 4169 697 4235 obstitisset.
732 4166 817 4234 Sunt
838 4168 1013 4233 etiamnum
1035 4169 1069 4233 in
1090 4167 1271 4234 Homericis
1292 4187 1361 4231 car·

190 4278 342 4355 minibus,
365 4277 453 4362 quod
473 4298 534 4363 ego
556 4276 693 4342 fidenter
711 4276 901 4360 pronuntio,
922 4275 1048 4360 aliquot
1066 4275 1131 4341 loci
1153 4276 1209 4360 qui
1228 4296 1359 4340 sensum

190 4408 257 4452 non
272 4386 407 4453 habent:
428 4406 510 4469 quos
524 4388 609 4450 certe
627 4383 669 4449 ab
683 4383 869 4451 Aristarcho
887 4383 1085 4467 improbatos
1106 4402 1173 4447 non
1193 4381 1358 4449 traditum.
