3425 4934
316 311 340 365 l.
369 307 410 366 De
428 313 626 381 grammaticis,
645 314 694 385 qui
711 311 881 372 ivormcxol
897 314 927 370 et
943 308 1058 370 λυτικοί
1075 312 1144 370 dicti
1160 315 1233 371 sunt.
1299 321 1360 385 215

188 482 359 548 etiuteoce
378 505 489 568 ropore
509 507 556 564 se,
582 508 612 548 cs
640 484 711 568 queis
732 483 967 569 quodomnium
992 508 1097 548 recum
1122 484 1211 550 uellet
1232 484 1360 551 ducere.

188 588 272 655 Tum
294 611 356 676 ego
378 590 500 655 indocti
521 590 661 656 hominis
682 591 911 657 confidentiam
929 591 1103 658 demiratus
1124 591 1289 657 ‘Docesne’
1310 593 1361 657 iu-

188 722 286 784 quam
307 705 391 777 ‘nos,
416 699 585 785 magister,
611 721 668 764 cur
695 699 844 765 bidentes
867 701 1052 765 dicantur
1071 737 1113 746 —
1134 700 1219 765 Hinc
1239 700 1360 765 factum

188 810 297 873 estut
318 806 474 872 eiusmodi
497 806 702 891 quaestiones
722 807 857 873 litterati
883 809 918 872 in
945 807 1041 873 docta
1061 807 1241 873 adversaria
1260 809 1360 874 refer·

187 918 269 979 rent.
304 912 422 979 Narrat
436 912 557 980 Gellius
573 914 656 998 (le
671 919 702 997 6)
725 914 907 994 „homiuem
926 916 960 981 in
981 915 1161 981 litterarum
1183 915 1273 981 cultu
1294 938 1360 981 uon

186 1020 368 1108 ignobilem
388 1042 601 1107 magnamque
628 1023 743 1088 aetatis
769 1027 895 1107 partem
923 1024 958 1089 in
985 1022 1077 1089 libris
1098 1026 1276 1089 versatum“
1296 1025 1358 1090 sibi
1376 1020 1425 1074 ²¹⁸

188 1130 221 1193 iu
244 1129 394 1195 noctibus
420 1130 486 1195 suis
514 1130 708 1196 adornandis
735 1135 892 1216 occupato
918 1130 1039 1197 librum
1061 1130 1175 1216 grandi
1196 1130 1360 1197 volumine

189 1237 358 1315 obtulisse,
390 1241 427 1302 ut
451 1237 527 1303 inde
548 1242 673 1323 peteret
702 1239 730 1304 si
758 1240 835 1324 quid
860 1239 1016 1305 memoria
1037 1239 1172 1325 dignum
1191 1239 1358 1305 inveniret.

189 1344 393 1411 Gloriabatur
413 1367 488 1410 vero
514 1368 584 1411 esse
610 1347 709 1412 istum
729 1346 848 1412 librum
869 1347 1070 1433 „omnigenis
1092 1346 1246 1412 doctrinis
1267 1367 1361 1431 prae·

188 1455 365 1518 scatentem
386 1457 483 1538 atque
506 1475 545 1519 ex
565 1453 676 1520 multis
698 1461 730 1520 et
752 1455 848 1520 variis
870 1460 904 1521 et
930 1456 1061 1521 remotis
1082 1454 1276 1520 lectionibus
1298 1453 1360 1518 sibi

188 1560 414 1629 elaboratum“.
461 1560 585 1628 Gellius
615 1561 754 1627 libenter
782 1563 921 1647 accepit3
954 1566 988 1628 at
1012 1584 1071 1647 pro
1097 1584 1177 1627 auro
1204 1562 1360 1627 umbones

188 1670 324 1733 invenit:
352 1669 524 1734 maximam
545 1669 632 1735 enim
652 1673 776 1754 partem
798 1670 974 1756 collegerat
995 1670 1143 1755 spinosas
1165 1673 1199 1736 et
1219 1670 1360 1735 minutas

190 1777 404 1862 quaestiones.
438 1775 524 1841 Ex''
503 1799 543 1842 us
557 1776 666 1861 igitur,
688 1798 769 1860 quae
791 1801 826 1844 se
846 1778 923 1843 ibi
913 1778 1073 1844 mveuisse
1096 1778 1183 1861 dicit,
1204 1777 1361 1843 nonnulla

188 1884 275 1950 haud
289 1885 356 1950 scio
374 1906 415 1948 an
429 1884 534 1970 magis
549 1883 671 1950 Gellius
686 1889 880 1966 contemnat,
901 1908 999 1971 quam
1014 1885 1063 1950 fas
1077 1885 1121 1951 sit
1134 1830 1358 1971 grbmmatioo.
1371 1889 1444 1961 (223)

189 1993 352 2058 invenitt
353 2013 446 2056 aman
472 1995 506 2057 et
532 1991 626 2057 haec·
656 2014 753 2076 quam
781 1993 823 2058 ob
852 2015 981 2058 causam
1002 1991 1212 2058 Telemachus
1240 1992 1361 2057 cubans

188 2101 324 2166 iunctim
338 2099 400 2164 sibi
413 2100 586 2165 cubantem
601 2098 807 2165 Pisistratum
821 2123 887 2166 nou
905 2123 1003 2166 manu
1018 2100 1171 2186 attigerit,
1192 2101 1249 2166 sed
1269 2100 1361 2185 pedis

188 2210 256 2273 ictu
278 2207 425 2272 excitarit
446 2209 478 2288 (o
498 2209 565 2290 45);
599 2228 681 2291 quae
708 2207 841 2272 nomina
861 2208 982 2273 merint
967 2208 1162 2273 tsociorum
1181 2206 1285 2274 Ulixis
1305 2208 1361 2292 qui

189 2314 329 2399 aScylla
347 2315 432 2400 rapti
452 2313 647 2399 laceratique
669 2318 758 2393 sunt3
779 2338 819 2382 ex
839 2316 982 2401 quinque
1004 2316 1221 2401 operimentis,
1243 2315 1361 2400 quibus

189 2422 323 2488 Achillis
350 2421 484 2507 clupeus
510 2423 672 2488 moenitus
700 2427 765 2503 est,
792 2424 882 2509 quod
902 2423 1023 2489 factum
1045 2445 1084 2490 ex
1105 2444 1184 2488 auro
1206 2426 1256 2488 est
1273 2443 1361 2487 sum-

188 2552 277 2596 mum
298 2530 401 2595 sitan
422 2530 578 2609 medium,
603 2534 630 2592 Y
650 2536 720 2599 269.
763 2530 808 2596 Hi
834 2532 897 2617 ipsi
924 2553 1034 2596 versus
1064 2534 1141 2596 sunt
1162 2551 1243 2615 quos
1264 2551 1362 2615 supra

189 2637 371 2704 notavimus
385 2638 561 2703 secuudum
575 2637 766 2704 scholiastae
780 2638 975 2704 senteutiam
988 2637 1081 2704 fictos
1099 2659 1168 2704 esse
1186 2628 1254 2702 ὑπό
1272 2659 1363 2713 τινος

188 2748 252 2810 τῶν
277 2741 491 2828 βουλομένων
517 2739 697 2832 πρόβλημα
718 2748 840 2813 ποιεῖν.
885 2745 980 2824 Quod
1001 2767 1076 2812 vero
1099 2746 1185 2811 idem
1205 2745 1308 2824 addit,
1328 2744 1362 2811 id

189 2876 275 2918 nunc
289 2853 411 2918 adrem
425 2857 569 2919 nostrum
583 2853 669 2919 facit.
705 2854 794 2920 Dicit
808 2854 908 2919 enim:
929 2851 984 2917 ἵνα
1006 2848 1043 2918 δὲ
1061 2849 1108 2939 μὴ
1134 2851 1217 2943 δοκῇ
1237 2846 1362 2928 λύσεώς

188 2985 222 3026 τι
232 2954 398 3048 εἰρηκέναι
408 2952 709 3048 (Ιθς.ήπορηκέναι)
726 2958 782 3028 καὶ
792 2958 849 3026 διὰ
859 2963 957 3027 τοῦτο
968 2952 1182 3048 ἠθετηκέναι,
1201 2957 1302 3048 φησὶν
1310 2998 1361 3025 -.

188 3070 278 3156 Ergo
293 3069 321 3136 si
334 3069 386 3135 vol
399 3069 588 3135 Asistarcho
610 3070 673 3150 (hic
688 3070 773 3135 enim
788 3070 1000 3156 significatur)
1023 3073 1056 3134 et
1076 3067 1140 3136 illis
1161 3069 1361 3154 temporibus

190 3178 363 3262 aliquando
379 3178 585 3243 commodum
599 3177 712 3257 visum,
732 3199 843 3243 cavere
858 3176 1011 3242 invidiam
1027 3178 1232 3261 quaestiones
1247 3179 1362 3261 postu-

189 3286 337 3365 lantium,
359 3284 437 3370 quid
455 3288 570 3370 postea
591 3289 623 3351 et
644 3307 663 3350 a
682 3285 899 3351 mediocribus
920 3284 1041 3350 factum
1062 3306 1132 3350 esse
1153 3285 1360 3369 putabimus?

271 3394 323 3459 Ad
345 3393 432 3458 idem
458 3393 600 3457 studium
626 3394 852 3478 quaestionum
877 3393 1019 3478 pertinet
1041 3392 1129 3477 quod
1149 3392 1183 3456 iu
1202 3394 1360 3459 recentio-

188 3502 278 3567 ribus
292 3498 458 3566 nonnullis
472 3501 709 3566 commeutariis
729 3501 910 3568 invenimus
933 3499 1162 3586 explicationes
1182 3504 1279 3584 atque
1301 3501 1361 3567 ob·

189 3610 385 3675 servationes
411 3608 508 3673 etam
534 3629 647 3693 graves
669 3613 702 3675 et
723 3609 819 3675 utiles
839 3610 887 3675 ita
907 3613 1017 3675 tamen
1038 3607 1143 3673 verbis
1165 3608 1303 3693 concipi,
1324 3612 1361 3673 ut

188 3716 324 3781 formam
350 3716 454 3781 iustae
480 3717 679 3800 quaestionis
710 3738 747 3782 ac
773 3716 945 3782 solutionis
971 3716 1120 3782 referant.
1166 3715 1239 3781 Hoc
1265 3715 1360 3800 quale

189 3823 233 3889 sit
255 3823 380 3889 duobus
408 3822 578 3907 exemplis,
600 3845 666 3888 uno
690 3822 821 3903 Graeco,
843 3823 946 3889 altero
967 3822 1082 3889 Latium
1101 3823 1280 3889 illustrabo.
1321 3821 1359 3888 Iu

189 3930 290 3998 servii
312 3930 550 3997 commentariis
570 3931 633 3997 hoc
654 3931 787 4010 fecitis,
808 3955 828 3997 a
849 3954 916 4017 quo
938 3932 1040 3997 codex
1062 3929 1359 4016 Guelferbytanusl

188 4039 363 4104 edomatas
389 4042 446 4104 est.
491 4037 529 4104 E.
551 4059 582 4123 g.
608 4039 650 4104 ad
675 4039 756 4104 Aen.
779 4037 826 4104 ΠΙ
848 4046 887 4106 55
913 4040 1035 4126 legitur
1059 4040 1093 4103 iu
1122 4037 1360 4104 commentariis

187 4146 300 4233 vulgo:
333 4145 543 4227 „Obtruncat:
578 4146 695 4212 occidit
718 4145 879 4232 intellige;
908 4169 984 4212 uam
1010 4145 1202 4212 obtruncare
1230 4147 1359 4231 proprie

188 4257 237 4319 est
258 4253 363 4338 capite
385 4254 539 4320 caedere“.
582 4251 647 4319 Sed
675 4251 710 4317 in
737 4254 806 4320 cod.
823 4253 925 4320 Guelf.
945 4254 960 4321 I
982 4253 1141 4319 additum:
1169 4252 1357 4333 „Quomodo

187 4363 375 4441 obtruncat,
401 4383 474 4428 oum
500 4362 544 4428 sit
564 4361 667 4427 hastis
688 4361 922 4446 interemptus?
952 4360 1111 4429 Solvitur:
1137 4360 1213 4445 quia
1233 4363 1357 4426 somnes
