3425 4934
598 306 622 358 1.
644 300 686 357 De
703 300 873 359 accentibus.
1264 309 1325 371 259

154 469 371 537 Athenienses
385 467 560 535 maluerint
579 473 748 554 praeterea
767 462 927 556 τραχυτής
946 473 982 536 et
1002 461 1180 557 κοικγοτής.
1214 468 1267 535 ud
1288 491 1327 535 ea

155 600 237 663 quoe
260 576 299 643 de
319 576 494 643 traditione
516 580 549 641 et
570 577 611 643 de
631 600 729 647 sensu
746 577 879 645 Graecis
900 576 999 643 insito
1022 575 1173 655 diximus,
1195 574 1248 641 hic
1269 576 1326 641 ad·

154 685 230 751 dere
250 705 394 766 necesse,
420 684 508 769 quod
529 706 606 751 sane
627 686 849 764 memorabile,
877 686 917 751 de
943 676 1136 766 οὖτάμενος,
1164 679 1328 770 βλήμενος

155 798 188 858 et
207 792 355 878 plurimis
377 814 460 877 quae
484 791 590 859 adhuc
610 794 844 874 recensuimus,
866 792 1053 860 Herodiano
1074 791 1255 858 Aristarchi
1275 813 1327 856 ar·

154 905 310 987 gumenta
324 900 424 966 videri
437 902 552 987 ignota
565 898 673 965 firisse.
707 899 825 969 Nonne
840 901 916 967 inde
935 900 1013 966 lieet
1034 899 1226 965 concludere
1247 898 1328 965 haec

154 1008 306 1093 pleraque
320 1007 507 1079 Aristarcho
529 1011 563 1074 ct
583 1008 771 1093 aequalibus
791 1030 833 1075 ne
855 1007 1048 1076 dubitabilia
1068 1007 1200 1092 quidem
1220 1006 1328 1086 fluisse,

155 1137 238 1200 quse
265 1120 300 1183 et
323 1117 520 1201 posteriores
548 1116 680 1201 regulae
701 1119 897 1183 scrutatores
917 1119 953 1181 et
973 1137 1034 1181 nos
1054 1114 1152 1181 hodie
1173 1114 1327 1181 mirantes

153 1223 207 1289 vix
228 1224 451 1309 assequimur?
470 1223 653 1291 Attendant
666 1223 746 1291 haec
759 1223 1007 1310 ingeniosiores.
1042 1220 1261 1289 Memorabilis
1275 1243 1327 1287 res

154 1335 205 1397 eat
219 1335 252 1396 et
265 1330 344 1397 olim
358 1330 495 1397 fortuma
516 1330 592 1397 huic
613 1332 660 1397 rei
681 1330 755 1416 plue
775 1331 856 1397 lucis
876 1330 1020 1409 adlatura
1043 1351 1141 1415 quam
1163 1351 1249 1394 nunc
1270 1350 1329 1413 per

154 1460 215 1503 nos
235 1438 336 1505 licuit
370 1438 433 1525 <Gi
452 1438 560 1505 Lchrs.
581 1438 700 1506 Herod.
724 1462 754 1525 p.
780 1444 837 1506 113
861 1439 926 1523 eq.)

237 1656 307 1740 §tt
350 1654 445 1734 Quod
470 1656 567 1721 modo
594 1654 659 1721 dixi
686 1654 844 1739 quaedam
871 1653 967 1720 certis
988 1651 1177 1738 regionibus
1197 1651 1329 1737 propria

155 1764 196 1830 ad
222 1762 459 1829 obscurandum
484 1785 595 1830 verum
619 1767 789 1830 accentum
808 1762 914 1829 fecere
935 1759 1095 1846 potuisse,
1121 1780 1161 1825 eo
1180 1781 1233 1825 me
1254 1759 1327 1826 duci

155 1870 261 1955 potiar
278 1870 320 1937 ad
340 1870 558 1957 fragmentum
579 1871 620 1937 ab
643 1870 830 1938 Herodiano
853 1873 1015 1936 servatum
1035 1870 1081 1931 M
1099 1872 1155 1946 20,
1177 1888 1243 1951 quo
1264 1865 1328 1933 atia

157 1978 315 2062 quaedem
334 1977 396 2059 lex,
416 2000 515 2062 quem
527 1977 735 2045 Aristarchus
755 1978 871 2056 tenuit,
894 1976 1101 2063 cognoscitur
1122 1975 1328 2059 prudensque

155 2086 350 2153 institutum.
387 2085 437 2153 Sc.
458 2086 639 2170 topicorum
660 2086 872 2153 &electorum
892 2085 1107 2170 proprietates
1126 2081 1271 2150 exclusit.

238 2188 410 2281 Κάρήσοςε
440 2187 628 2275 Τυραννίων
658 2184 768 2272 ὀξίνει
793 2190 832 2259 τὸ
861 2183 1018 2279 Κάρησος
1044 2185 1090 2271 ὡς
1114 2183 1327 2273 Παρνασσός·
1340 2200 1412 2272 (272)

156 2294 261 2379 οὕτως
287 2299 349 2386 γὰρ
379 2294 447 2367 άπὸ
474 2297 668 2388 Κυζικηνῶν
694 2293 928 2383 ὀνομάζεσθαι
956 2296 1014 2366 τὸν
1039 2290 1203 2383 ποταμόν.
1246 2288 1265 2364 d
1293 2291 1331 2365 dr*

153 2401 366 2493 Ἀρίσταρχος
389 2402 527 2494 βαρύνει
551 2399 598 2487 ὥς
622 2400 797 2492 Κάνωβος.
829 2399 981 2490 ,τίκτομεν
1006 2402 1045 2473 dd
1065 2402 1100 2472 ἒν
1119 2401 1245 2489 ἑτέροις
1266 2399 1331 2472 ὅτι

157 2509 199 2583 σι’
236 2512 392 2595 πάντως
427 2514 638 2603 ἐπικρατεῖ
666 2508 689 2602 ή
722 2508 801 2583 άπὸ
833 2518 909 2580 τῶν
941 2511 1072 2581 ἐθνῶν
1096 2517 1236 2601 γρήσις
1262 2510 1331 2579 καὶ

157 2622 225 2692 ἐπὶ
247 2623 318 2713 τήν
340 2618 557 2713 Ὁμηρικήν
580 2616 816 2709 ἀνάγνωσιν,
845 2617 953 2691 ὁπότε
978 2620 1057 2708 περὶ
1081 2626 1142 2689 τοῦ
1162 2621 1330 2688 Γλισᾶντα

156 2738 199 2818 (Β
211 2738 287 2819 604)
309 2727 521 2818 ὅιελάβομιν,
543 2726 613 2817 ε’ίγε
632 2725 815 2811 Διονύσιος
831 2725 958 2816 ἱστορεῖ
976 2730 1055 2810 τοὺς
1076 2724 1252 2816 ἐγχωρίους
1271 2748 1331 2795 σν-

156 2840 304 2909 cretae
337 2839 375 2909 τὸ
408 2864 422 2907 ι
453 2838 511 2907 καὶ
539 2838 585 2927 μή
619 2842 798 2924 περισπᾶν.
841 2833 944 2905 τότε
971 2834 1153 2917 Λίκαστος
1182 2831 1201 2902 ὁ
1231 2828 1331 2914 αὐτὸς

153 2945 281 3034 ἱστορεῖ
306 2943 489 3030 ὀξάντσθαι
515 2943 613 3036 ήμῶν
643 2942 936 3034 ἀναγινωσκόντων
960 2942 1149 3032 βαρυτόνως
1176 2948 1219 3028 (Β
1245 2947 1329 3029 647).

155 3055 262 3136 οὕτως
288 3047 347 3125 οὖν
367 3052 458 3136 εἰκὸς
477 3055 536 3123 καὶ
555 3053 692 3123 irrisuri
712 3051 871 3144 Κάρήοος
888 3052 935 3142 μή
958 3058 1145 3142 πεισθῆναι
1163 3051 1222 3121 τὸν
1239 3045 1332 3137 Ἀρί-

155 3189 295 3252 σταρχον
316 3160 443 3249 ὁμοίως
461 3168 534 3244 τοῖς
553 3162 725 3251 ἐγχωρίοις
744 3158 1019 3249 προενέγκασθαι
1037 3160 1098 3250 τήν
1118 3157 1217 3242 λέξιν.
1246 3153 1331 3241 τάχα

156 3273 194 3345 dri
224 3272 300 3341 ἐπεὶ
323 3269 413 3361 tripu
437 3272 480 3340 τά
504 3267 552 3353 είς
576 3293 636 3352 σος
663 3267 807 3360 λήγοντα
833 3265 918 3353 ὑπὲρ
945 3263 1007 3337 ddo
1027 3267 1198 3354 συλλαβὰς
1217 3260 1330 3348 ὀξυτό-

155 3404 239 3466 μτνα
263 3385 311 3470 τῷ
335 3407 358 3470 q
381 3374 643 3469 παραλήγόμενα
668 3378 781 3465 ἕτερον
805 3373 922 3460 ἔχοντα
939 3401 977 3459 σ,
1005 3382 1104 3445 τοῦτο
1131 3374 1170 3443 δὲ
1188 3368 1226 3443 ἓν
1245 3369 1330 3442 άνα-
1346 3394 1397 3447 268

157 3485 349 3573 δεξάμενον,
379 3488 438 3556 διά
464 3491 561 3557 τοῦτο
587 3487 646 3555 καί
665 3482 844 3576 ἐξήλλαξεν
861 3480 942 3554 αὐτὸ
962 3489 1024 3574 τής
1043 3481 1178 3552 ἐκείνων
1196 3476 1331 3569 τάσεως,

158 3591 194 3665 εί
212 3621 249 3684 γε
273 3595 313 3667 τὸ
335 3590 594 3684 Ἀλικαρνησσός
624 3594 740 3663 δισσὸν
766 3591 894 3677 ἔχοιτο
915 3615 951 3675 u,
974 3587 1215 3681 Λυκαβήσσός,
1243 3597 1332 3677 Ταρ·

156 3697 287 3792 τησσάς.
318 3704 358 3772 τὸ
382 3701 499 3789 μέντοι
518 3700 676 3791 Κάρήσος
701 3699 738 3768 ἓν
757 3697 825 3784 ἔχει
843 3702 883 3771 τὸ
905 3724 936 3770 σ.
971 3695 1053 3780 ἴσως
1074 3692 1133 3768 οὖν
1155 3698 1213 3770 διὰ
1234 3702 1331 3766 τοῦτο

158 3809 328 3900 sertem.
369 3814 417 3882 (tf.
444 3814 510 3882 sch.
537 3813 569 3880 V
594 3813 626 3878 n
653 3811 674 3880 l.
696 3812 810 3879 Arcad
836 3834 869 3897 p.
896 3818 946 3880 77.
993 3809 1086 3878 Eust.
1112 3809 1145 3875 h.
1166 3810 1187 3879 l.
1208 3831 1240 3894 p.
1262 3813 1333 3892 890,

158 3922 215 4008 qui
237 3920 441 3987 Herodianea
462 3921 592 3987 exhibet
614 3916 731 3988 omnia.

240 4030 293 4095 Ad
318 4050 370 4109 ea,
401 4050 484 4114 quae
511 4029 642 4116 egregie
670 4029 711 4094 ab
738 4026 926 4093 Herodiano
956 4025 1119 4110 disputata
1149 4027 1240 4100 sunt,
1269 4021 1332 4088 hoc

156 4141 285 4204 tontum
313 4137 478 4219 addamus,
509 4135 732 4201 Aristarchum
763 4134 797 4199 in
830 4133 983 4219 ponendo
1012 4135 1147 4198 accentu
1176 4124 1333 4216 Κάρησος

156 4246 303 4334 potuisse
325 4265 528 4313 communem
549 4265 643 4309 usum
665 4241 843 4309 consulere.
884 4239 1001 4325 Neque
1023 4240 1109 4305 enim
1128 4237 1191 4304 hoc
1212 4259 1332 4302 nomen

158 4376 197 4421 ex
222 4376 284 4419 usu
312 4351 479 4418 evanuisse
504 4356 638 4436 apparet
664 4372 702 4416 ex
728 4349 834 4417 Strab.
854 4349 877 4415 l.
897 4344 974 4413 XIII
999 4370 1030 4432 p.
1053 4353 1125 4477 415ω
1138 4346 1170 4431 (Ρ
1184 4346 1271 4430 602>.
1292 4381 1333 4393 -

1074 4450 1104 4500 17
