3425 4934
554 319 578 372 2.
606 315 730 386 βάλλειν,
750 313 881 377 σδτάσαι,
901 313 960 367 sim.
1306 320 1345 381 65

176 474 283 567 άβλής
297 481 336 546 de
352 502 410 551 auo
426 480 556 561 eddidit,
579 482 699 568 quippe
721 482 778 567 qui
800 480 969 565 disciplina
989 482 1129 544 teneret:
1149 475 1187 543 cd
1210 477 1348 560 βάλλειν

167 585 315 675 Ὅμηρος
336 580 397 653 οὐκ
423 584 481 653 ἐπὶ
504 592 565 654 τοῦ
590 588 703 676 ψιλῶς
730 585 904 674 προέσθαι
924 581 1056 674 τίθησι,
1077 587 1129 652 vel
1147 583 1186 650 τὸ
1208 578 1347 669 βάλλειν

175 689 357 780 προέμενόν
387 692 476 761 ἐστιν
509 692 680 777 ἐπιτυχεῖν.
722 697 809 782 quod
839 696 896 761 ille
929 694 1012 761 falso
1040 695 1270 780 interpretetus
1298 698 1348 759 est

180 804 272 889 cique
293 802 366 869 loco
388 803 545 884 adhibuit„
567 827 632 891 quo
654 827 721 870 nou
741 805 927 889 pertineret

255 1021 276 1099 ὅ
299 1023 327 1086 3.
356 1017 413 1086 ΙΠ.
434 1020 564 1105 Duplex
584 1021 733 1087 vocabuli
753 1012 892 1104 βάλλειν
905 1018 986 1104 perf.
1000 1040 1083 1103 pass.
1099 1020 1157 1096 est,
1177 1011 1345 1104 βέβλημαι

176 1129 207 1191 et
231 1125 433 1212 βεβόλημαιε
465 1127 523 1194 illo
545 1129 584 1194 de
610 1151 756 1214 corpore,
781 1127 844 1194 hoe
872 1128 911 1193 de
940 1127 1047 1193 animo
1073 1125 1162 1191 laeso
1184 1124 1346 1192 Homerus
1370 1173 1374 1183 -

175 1233 284 1301 utitur.
325 1236 383 1302 13
407 1230 534 1299 πένθεϊ
561 1228 593 1300 δ’
622 1228 752 1324 ἀτλήτῳ
772 1230 960 1323 βεβολήατο
987 1226 1109 1310 πάντες
1139 1229 1283 1317 dotores:
1314 1225 1346 1321 (ἡ

175 1339 292 1428 διπλῆ)
320 1337 374 1406 ὅτι
400 1336 487 1407 ἔνιοι
513 1337 696 1430 βεβλήατο·
721 1341 779 1408 καί
799 1338 988 1430 Ζηνόδοτος
1013 1335 1125 1417 ottae.
1154 1336 1213 1406 dni
1234 1338 1271 1406 δὲ
1290 1344 1349 1428 τῆς

174 1445 258 1511 κατὰ
286 1445 397 1536 ψυχήν
423 1443 573 1533 τρώσειος
597 1448 655 1515 καί
680 1442 861 1538 άλγηδύνος
885 1442 939 1515 άεί
959 1452 1057 1515 τοῦτο
1077 1446 1202 1527 τάττει,
1231 1444 1290 1513 ἐπὶ
1310 1443 1348 1512 δέ

173 1553 230 1643 τής
249 1553 334 1620 κατὰ
355 1558 451 1637 σῶμα
470 1555 599 1646 πληγῆς
618 1550 730 1624 οὐκέτι
752 1555 865 1635 οὕτως.
897 1557 961 1625 Sex
974 1558 1072 1624 modo
1087 1557 1232 1623 versibus
1246 1556 1346 1622 inter·

175 1663 290 1747 positis
315 1664 498 1749 exemplum
523 1671 585 1748 est,
614 1667 701 1750 quod
725 1689 794 1733 rem
816 1666 997 1732 confirmet:
1028 1658 1198 1750 Ἀτρείδης
1219 1659 1250 1727 δ’
1274 1654 1350 1742 άχεϊ

173 1766 306 1855 μεγάλῳ
320 1768 546 1860 βεβολημένος
561 1763 658 1861 drop:
679 1768 712 1861 (ή
729 1771 847 1860 διπλῆ)
870 1768 923 1839 ὅτι
936 1766 1041 1836 πάλιν
1061 1767 1100 1838 τὸ
1122 1766 1347 1857 βεβολημένος

175 1873 212 1940 τὸ
237 1874 296 1942 διὰ
317 1881 377 1944 τοῦ
400 1904 419 1946 o
442 1876 500 1946 ἐπὶ
519 1883 627 1972 ψυχῆς
649 1877 747 1967 λέγει.

257 2096 276 2180 ἕ
291 2103 321 2162 4.
355 2095 510 2162 Nondum
524 2098 605 2163 solvi
618 2118 736 2163 nomen
756 2119 874 2163 meum.
909 2097 1015 2181 Supra
1032 2098 1064 2182 (β
1082 2105 1096 2164 l
1113 2120 1144 2182 p.
1160 2099 1213 2180 55)
1235 2099 1344 2161 osten·
1356 2114 1413 2182 (tr)

177 2202 284 2268 deram
298 2226 350 2268 me
364 2204 583 2288 probaturum,
603 2207 641 2269 Π
653 2212 714 2274 467
728 2205 967 2272 Ατίεύεεολιεεαι
980 2204 1155 2269 lectionem
1167 2226 1232 2269 uon
1246 2203 1346 2269 fuisse

177 2305 194 2374 ὁ
225 2307 263 2375 δέ
281 2306 444 2400 Πήδασον
469 2304 618 2399 ήλασεν
638 2313 754 2378 ἵππον.
793 2313 965 2398 Didymus,
991 2313 1047 2398 qui
1068 2312 1153 2377 hanc
1173 2311 1346 2376 lectionem

175 2418 209 2482 in
229 2417 431 2486 Philemonis
460 2420 601 2487 editione
627 2444 662 2488 sc
683 2421 843 2488 iuvenisse
871 2421 929 2501 ait,
952 2443 990 2487 eo
1011 2420 1148 2505 probare
1169 2419 1240 2486 vult
1260 2423 1346 2485 certe

175 2525 335 2593 hocloco
368 2527 541 2594 lectionem
565 2529 746 2596 fluctuasse.
790 2529 916 2594 Deinde
949 2551 1044 2594 suum
1069 2527 1160 2593 addit
1184 2526 1348 2605 iudicium,

176 2654 242 2698 uon
259 2633 510 2718 improbabilem
529 2636 630 2703 videri
650 2636 735 2702 hunc
754 2635 935 2715 lectionem,
958 2636 1078 2722 quippe
1102 2657 1176 2701 cum
1197 2629 1348 2699 ἐλαύνειν

176 2741 219 2805 sit
238 2740 293 2805 ubi
316 2743 355 2808 de
377 2742 509 2809 vulnere
532 2745 656 2810 eminus
682 2743 804 2810 inflicto
831 2742 1023 2810 inveniatur.
1075 2743 1122 2807 At
1142 2742 1347 2808 Aristarchus

177 2847 330 2913 docuerat
350 2843 499 2914 ύλαύνειν
520 2851 565 2916 sic
587 2873 653 2916 non
675 2851 746 2930 dici,
767 2851 825 2917 sed
845 2872 920 2915 cum
939 2841 1091 2927 σύτάσαι,
1114 2842 1237 2937 τύψαι,
1261 2847 1347 2936 πλή-

176 2952 232 3032 ξαι
261 2956 375 3022 ecdem
402 2957 475 3023 loco
502 2958 687 3024 habendum
717 2980 796 3025 esse.
836 2958 910 3024 Hoc
934 2957 1114 3024 Aristarchi
1140 2960 1348 3044 praeceptum

177 3060 342 3147 ignorasse
355 3063 531 3150 Didymum
549 3087 590 3130 nc
605 3068 713 3149 putes:
736 3066 793 3131 scd
813 3066 901 3131 visus
924 3069 974 3131 est
993 3066 1055 3131 sibi
1077 3064 1235 3149 quosdam
1256 3064 1347 3131 locos

176 3167 303 3255 legisse,
326 3192 392 3256 quo
406 3171 489 3237 illud
501 3175 709 3258 praeceptum
730 3174 974 3259 perverteretur.
1009 3171 1119 3240 Unum
1138 3171 1208 3258 ipse
1229 3173 1348 3253 attulit

177 3277 299 3344 P517:

298 3375 320 3470 ή
341 3388 384 3472 ῥα
404 3382 463 3453 καὶ
482 3378 698 3469 άμπεπαλιδν
718 3382 833 3474 προίει
855 3380 1066 3468 δολιχόσκιον
1086 3378 1190 3469 dnos,

298 3491 355 3559 καί
375 3490 477 3577 βάλεν
495 3486 650 3582 Ἀρήτοιο
671 3487 742 3561 κατ’
766 3488 896 3560 άσπίδα
917 3484 1054 3560 πάντοδ
1078 3487 1184 3581 δίσην

297 3594 318 3690 ή
342 3596 374 3666 δ’
398 3593 459 3666 οὐκ
475 3594 574 3686 ’ἔγχος
593 3595 700 3688 έροτο,
724 3601 783 3669 διὰ
802 3600 870 3689 πρὸ
894 3601 931 3669 δέ
951 3594 1064 3667 εἴσατο
1083 3598 1218 3686 γαλκύς·

298 3701 426 3797 νειαίρῃ
448 3702 481 3774 δ’
504 3705 540 3774 έν
561 3707 675 3795 γαστρί
696 3708 754 3777 διὰ
777 3709 942 3799 ζωστῆρος
961 3704 1109 3775 ἔλασσεν.

177 3816 238 3894 Qui
258 3816 349 3883 locus
372 3818 459 3903 quod
479 3817 637 3904 Didymus
657 3819 761 3886 voluit
781 3842 848 3886 nou
868 3819 993 3905 probat
1012 3839 1073 3883 nec
1094 3822 1145 3884 est
1165 3818 1266 3899 ullus,
1289 3821 1345 3904 qui
1363 3837 1396 3889 os

176 3925 376 3990 verissimum
396 3924 574 3991 Aristarchi
594 3931 801 4014 praeceptum
818 3927 968 3993 infirmet.
1001 3921 1149 3990 ἐλαύνειν
1168 3921 1243 3990 τινά
1264 3949 1348 3993 nun·

177 4053 272 4116 quam
302 4032 395 4099 aliter
422 4032 538 4098 dicitur
568 4033 631 4099 nisi
652 4033 774 4119 gladio,
803 4034 921 4119 securi,
946 4033 1015 4101 sim.
1054 4029 1113 4099 τὸν
1137 4025 1227 4098 ἐλαύ
1255 4023 1348 4116 ὦμον

176 4131 337 4227 φασγάνῳ
359 4132 457 4219 άίξας
477 4140 508 4203 Ε
527 4145 575 4208 80.
598 4138 690 4225 ξίφει
710 4137 812 4230 ήλαοε
832 4139 953 4228 κύροην
973 4146 1008 4204 Ν
1028 4149 1099 4210 576.
1125 4131 1246 4221 αύχένα
1265 4138 1348 4225 μέο·

175 4267 235 4314 σον
259 4241 399 4313 ἔλασσεν
426 4242 586 4335 φασγάνῳ
617 4240 715 4327 ἀΐξας
740 4252 774 4312 Κ
798 4257 868 4318 455.
907 4240 1071 4336 Ἄντιφον
1098 4239 1141 4314 αύ
1166 4246 1260 4334 παρὰ
1290 4241 1349 4328 ούς

175 4347 273 4420 ἔλασε
287 4349 378 4444 ξίφει
394 4359 433 4418 Λ
449 4363 516 4425 109.
552 4353 633 4421 Item
653 4360 757 4426 Ndld
779 4358 917 4441 (securi).
955 4361 990 4420 N
1001 4363 1070 4425 614.
1096 4360 1130 4420 Π
1141 4362 1211 4428 338.
1233 4355 1266 4429 Ξ
1276 4368 1346 4429 497.

215 4456 472 4510 usur-‚erumna
1120 4465 1135 4514 ς
