3425 4934
381 329 443 395 210
562 319 609 381 III.
635 319 677 380 De
694 318 849 379 Aristarchi
865 319 983 380 scientia
1000 317 1178 394 antiquitatis
1195 317 1366 379 Homericae.

381 492 483 578 igitur
496 514 533 557 ac
555 493 653 559 serias
674 494 880 578 quaestiones
902 514 941 558 ex
961 492 1055 558 laetis
1077 492 1233 558 eiusmodi
1255 491 1381 558 circulis
1402 491 1553 557 exclude·

381 600 469 665 bant.
506 599 621 678 Qualia
635 605 748 665 contra
764 601 953 667 admiserint
967 604 1064 686 atque
1079 600 1294 685 probaverint,
1316 622 1355 664 ex
1368 598 1553 681 Plutarch0,

381 706 561 787 Macrobic,
594 707 779 788 Athenae0,
814 709 919 776 Gellio
949 707 1150 793 intelligitur.
1191 706 1286 773 Gellii
1317 708 1447 792 quidem
1473 706 1552 771 duas

380 812 504 899 lepidas
533 817 803 897 narratiunculas,
834 818 952 902 quibus
979 816 1060 881 haec
1093 815 1285 880 convivandi
1310 815 1392 880 ratio
1422 816 1552 901 egregie

380 922 573 1001 illustratur,
599 925 736 989 orationi
764 946 854 990 meae
880 923 1090 989 includendas
1116 923 1234 1008 putavi.
1278 921 1340 988 VII
1365 927 1401 990 13
1427 921 1553 1002 „Facti-

380 1032 486 1095 tatum
508 1030 775 1117 observatumque
796 1031 859 1097 hoc
879 1031 1018 1097 Athenis
1039 1034 1089 1095 est
1109 1029 1150 1095 ab
1171 1029 1231 1106 his,
1255 1030 1311 1115 qui
1333 1034 1425 1096 erant
1445 1030 1552 1115 pbilo-

382 1136 485 1221 scpbo
507 1135 613 1203 Tauro
639 1139 823 1204 iunctiorcs.
865 1138 972 1217 Quum
998 1139 1129 1204 domum
1150 1159 1242 1202 suam
1263 1157 1323 1202 nos
1344 1142 1486 1215 vocaret,
1511 1160 1552 1203 ne

381 1244 527 1321 omnino,
549 1249 587 1309 ut
607 1246 736 1326 dicitur,
757 1247 916 1312 immunes
938 1250 971 1313 ct
992 1245 1148 1332 asymboli
1169 1245 1364 1321 veniremus,
1391 1246 1552 1310 coniecta-

380 1350 495 1415 bamus
516 1351 557 1417 ad
578 1354 748 1419 coenulam
769 1376 835 1419 non
858 1354 1010 1438 cupedias
1030 1353 1189 1432 ciborum,
1210 1353 1266 1417 sed
1288 1353 1432 1438 argutius
1454 1375 1552 1438 quae-

380 1458 532 1523 stionum
570 1458 800 1546 Unusquisque
826 1461 929 1548 igitur
953 1465 1101 1526 nostrum
1127 1463 1327 1525 commentus
1357 1464 1552 1546 paratusque

380 1563 449 1629 ibat
476 1566 563 1650 quod
593 1572 773 1651 quaereret:
808 1573 940 1655 eratque
969 1568 1098 1633 initium
1130 1563 1284 1651 loquendi
1317 1567 1436 1633 edundi
1468 1567 1551 1632 finis.

315 1683 365 1733 213
384 1671 628 1749 Quaerebantur
654 1677 763 1740 autem
793 1697 860 1740 non
885 1675 997 1762 gravia
1020 1697 1079 1741 nec
1107 1674 1296 1754 reverenda,
1323 1675 1380 1741 sed
1406 1670 1553 1759 ἐνθυμη-

380 1772 486 1859 plistu
519 1781 677 1866 quaedam
706 1782 814 1867 lepida
840 1786 873 1847 et
900 1783 1026 1848 minuta
1051 1785 1084 1848 et
1110 1782 1279 1849 florentem
1307 1783 1383 1848 vino
1409 1783 1553 1848 animum

380 1885 576 1955 lacessentia.
604 1888 706 1966 Quale
720 1889 783 1955 hoc
797 1890 897 1955 ferme
913 1894 963 1955 est
976 1890 1166 1956 subtilitatis
1180 1889 1321 1956 ludicrae
1336 1890 1424 1975 quud
1441 1891 1552 1956 dicam.

381 1993 571 2071 Quaesitum
586 2000 643 2076 est,
664 1997 793 2081 quando
815 1998 957 2063 moriens
977 2003 1164 2077 moreretur,
1187 2021 1287 2083 quum
1307 1998 1372 2063 iam
1392 1998 1428 2062 in
1447 2001 1552 2062 morte

381 2105 473 2179 esset,
497 2125 654 2189 anquam
673 2105 840 2170 etiamtum
858 2105 893 2169 in
912 2106 978 2170 vita
999 2105 1097 2172 foret:
1117 2109 1150 2171 et
1171 2105 1300 2191 quando
1323 2127 1460 2191 surgens
1482 2126 1551 2170 sur·

381 2213 485 2294 geret3
520 2232 621 2294 quum
646 2211 710 2276 iam
732 2216 845 2293 staret,
876 2235 918 2277 an
945 2235 1046 2297 quum
1072 2213 1238 2279 etiamtum
1265 2212 1403 2278 sederet:
1436 2212 1551 2297 etqui

380 2320 482 2382 artem
497 2317 633 2384 disceret
653 2319 782 2403 quando
803 2320 918 2387 artifex
939 2320 1044 2404 fieret3
1068 2343 1168 2405 quum
1188 2321 1254 2385 iam
1275 2324 1367 2399 esset,
1388 2342 1430 2385 au
1452 2343 1552 2406 quum

299 2432 370 2503 (217)
383 2424 549 2490 etiamtum
574 2448 641 2491 non
667 2430 769 2492 esser
769 2476 910 2495 .......
937 2427 1045 2494 XVIII
1064 2434 1084 2495 2
1104 2427 1304 2508 „Saturnalia
1323 2428 1461 2494 Athenis
1480 2429 1551 2514 agi-

381 2532 528 2597 tabamus
544 2531 645 2600 hilare
659 2556 808 2620 prorsum
829 2557 867 2601 ac
887 2536 1032 2602 modeste
1050 2589 1056 2603 .
1072 2586 1079 2600 .
1094 2586 1124 2603 ..
1146 2536 1422 2602 conveniebamus
1443 2541 1552 2602 autern

382 2639 422 2704 ad
444 2638 578 2705 eandem
592 2663 726 2707 coenam
740 2643 962 2728 complusculi,
984 2644 1039 2728 qui
1060 2643 1198 2709 Romani
1219 2644 1253 2708 in
1268 2642 1433 2709 Graeciam
1455 2667 1551 2710 vene·

380 2769 487 2813 ramus
502 2748 622 2833 quique
638 2749 765 2814 easdem
779 2749 961 2816 auditiones
976 2751 1170 2836 eosdemque
1190 2751 1337 2817 doctores
1359 2751 1551 2819 colebamus.

381 2853 465 2920 Tum
491 2855 547 2939 qui
574 2854 743 2921 coenulam
769 2857 880 2922 ordine
906 2880 966 2924 suo
993 2860 1140 2935 curabat,
1171 2859 1349 2943 praemium
1379 2858 1552 2925 solvendae

381 2962 581 3047 quaestionis
607 2964 750 3048 ponebat
775 2964 895 3030 libram
921 2967 1038 3031 veteris
1065 2966 1228 3050 scriptoris
1249 2966 1301 3032 vel
1323 2965 1480 3032 Graecum
1500 2967 1552 3032 vel

379 3068 544 3150 Latinum,
571 3074 604 3135 et
624 3092 776 3136 coronam
798 3095 816 3137 a
837 3073 928 3138 lauro
948 3072 1090 3158 plexam3
1122 3074 1321 3158 totidemque
1342 3095 1394 3139 res
1416 3096 1550 3158 quaere·

379 3177 444 3257 bat,
466 3180 548 3263 quot
560 3177 707 3244 homines
724 3179 798 3245 istic
813 3201 948 3260 eramus,
970 3202 1136 3265 quumque
1151 3203 1204 3246 eas
1219 3202 1330 3246 omnes
1352 3184 1552 3266 exposuerat,

380 3308 448 3351 rem
473 3284 645 3370 lucumque
671 3286 797 3352 dicendi
824 3308 893 3353 sors
924 3288 1022 3354 dabat
1033 3289 1085 3353 ¹³⁰.
1135 3287 1289 3366 Quaestio
1317 3288 1419 3374 igitur
1444 3288 1552 3354 soluta

380 3415 501 3459 corona
526 3398 560 3460 et
580 3395 722 3475 praemio
745 3395 939 3474 donabatur,
969 3416 1035 3461 non
1058 3395 1163 3461 soluta
1184 3400 1291 3461 autem
1312 3395 1553 3461 tramittebatur

380 3501 421 3566 ad
443 3523 525 3582 eum,
547 3501 602 3586 qui
624 3503 739 3568 sortito
760 3507 972 3569 successerat:
999 3504 1096 3589 idque
1116 3503 1150 3569 in
1172 3505 1283 3571 orbem
1303 3505 1372 3570 vice
1393 3505 1462 3589 pari
1484 3526 1552 3570 ser·

379 3608 523 3675 vehatur.
558 3609 594 3675 Si
608 3631 703 3676 nemo
719 3610 915 3677 dissolvebat
930 3612 1129 3697 quaestionis
1143 3612 1211 3678 eius
1226 3635 1353 3692 nornen,
1373 3613 1553 3698 praemium

380 3715 486 3800 ipsum
508 3720 541 3781 et
562 3738 681 3782 corona
703 3718 772 3799 deo,
794 3719 885 3783 cuius
906 3718 941 3783 id
961 3720 1080 3785 festum
1102 3724 1179 3804 erat,
1202 3720 1377 3785 dicabatur.
1411 3719 1553 3797 Quaere·

380 3823 498 3889 bantur
519 3828 628 3889 autem
648 3848 699 3890 res
717 3825 911 3906 huiusmodi,
933 3832 990 3892 aut
1010 3829 1165 3894 scatentia
1180 3841 1294 3915 poetae
1317 3841 1428 3893 carcaa
1450 3826 1555 3913 lepide

379 3931 527 4016 obscura,
553 3936 610 3997 aut
630 3932 783 3998 historiae
805 3934 997 4018 antiquioris
1018 3936 1199 4021 requisitio,
1227 3939 1284 4003 aut
1305 3935 1424 4000 decreti
1444 3935 1554 4001 cuius-

449 4133 486 4174 l³⁰
503 4130 625 4187 Macrob.
637 4130 718 4186 vua
733 4129 945 4202 sortiamurque,
964 4133 987 4188 si
1006 4134 1124 4198 videtur,
1144 4139 1177 4191 ut
1193 4151 1245 4205 per
1261 4132 1389 4188 ordinem
1406 4133 1553 4203 unusquis·

382 4233 436 4285 que
453 4219 594 4286 proponat
611 4232 696 4285 quarn
713 4215 876 4270 solvendam
887 4218 1017 4274 aestimet
1029 4218 1229 4289 quaestionem
1258 4218 1333 4274 Plut.
1346 4236 1435 4288 symp.
1449 4218 1487 4272 IX
1499 4224 1525 4285 2,
1540 4226 1552 4275 l

382 4294 471 4364 ἔθους
481 4298 515 4355 δὲ
527 4296 613 4364 ὄντος
629 4298 662 4355 ἐν
673 4306 736 4362 τοῖς
747 4299 908 4362 Μουσείοις
924 4305 1051 4373 κλήρους
1067 4304 1283 4376 περιφέρεσθαι
1300 4305 1351 4359 καὶ
1367 4301 1437 4367 τοὺς
1452 4307 1556 4359 συλλα-

379 4375 486 4454 χόντας
501 4375 636 4453 ἀλλήλοις
652 4384 820 4455 προτείνειν
835 4378 981 4457 φιλόλογα
1000 4391 1156 4459 ζητήματα.
