3425 4934
373 336 433 397 244
552 327 599 386 III.
622 327 663 384 De
681 324 835 382 Aristarchi
853 324 971 383 scientia
987 323 1165 395 antiquitatis
1181 323 1354 382 Homericae.

290 502 361 575 (254)
373 498 512 561 sectator
538 497 606 561 eius
632 495 859 581 Apollodorus.
900 494 969 561 lam
1000 494 1218 581 intelligemus
1250 494 1328 579 quid
1353 492 1415 559 sibi
1440 491 1541 557 velint

370 603 549 669 Aristarchi
570 608 678 687 notae,
704 625 840 688 quarum
864 603 1002 690 vestigia
1023 602 1153 667 suntin
1174 600 1272 667 schol.
1295 607 1371 668 aaa
1392 596 1478 683 πρὸς
1498 595 1540 662 τὰ

370 707 446 794 περὶ
467 714 528 796 τῆς
547 704 686 798 πλάνης,
710 707 763 776 ὅτι
783 703 897 795 πόῤῥισ
919 733 986 775 που
1009 705 1044 774 ἐν
1065 702 1406 790 ἐκτετοπισμένοις155
1422 701 1543 783 τόποις

369 810 554 901 ἀορίστοις·
585 816 667 907 φησὶ
693 820 769 902 γοῦν
794 816 918 906 τηλόθι
946 839 1012 882 που
1038 813 1099 903 τὴν
1122 818 1223 902 νῆσον
1244 804 1339 880 εἶναι.
1380 838 1400 878 κ
1423 821 1482 883 190
1504 808 1542 878 ἐκ

367 918 494 990 τούτων
520 922 557 990 δὲ
582 921 838 1013 ἐκτιτοπισμένη
861 920 1017 1013 φαίνεται
1038 917 1059 1010 ι)
1083 918 1192 1009 πλάνη
1214 926 1272 988 τοῦ
1290 915 1484 998 Ὀδυσσέως.
1520 920 1543 984 ὀ

370 1039 430 1102 556
459 1031 563 1119 δῆλον
586 1026 651 1099 κάκ
671 1028 789 1099 τούτου
812 1028 866 1100 ὅτι
887 1028 1064 1118 ἐξῴκισται
1085 1028 1332 1118 (ἐξωκιάνισται
1353 1021 1539 1115 Ησσλτοτ>ἡ

369 1142 469 1226 νῆσος
490 1140 681 1228 (Calypsus).
721 1137 796 1207 ἐπεὶ
819 1136 854 1205 τί
879 1137 1003 1206 ἐκώλυε
1024 1136 1080 1204 τὸν
1102 1135 1280 1205 Μενέλαον
1301 1135 1406 1215 οὕτως
1426 1131 1542 1218 ἔχοντα

305 1264 353 1316 248
371 1244 449 1329 περὶ
468 1244 526 1314 τὸν
545 1241 710 1314 Ὀδυσσέα
731 1245 789 1314 καὶ
807 1240 910 1314 πάλιν
931 1245 1012 1334 ὅλην
1031 1242 1240 1331 χαρίσασθαι
1261 1241 1424 1310 ἐθέλοντα
1444 1239 1544 1331 (ἐθέ-

368 1354 438 1418 λειν
468 1356 576 1442 codol.)
612 1363 688 1422 ναῦν
723 1352 863 1445 πέμψαι
898 1353 955 1420 καὶ
990 1358 1098 1420 σῶσαι
1122 1351 1181 1420 τὸν
1214 1348 1332 1441 φίλους
1365 1352 1452 1419 Hinc
1481 1374 1542 1418 nec

368 1461 550 1528 Phaeacum
575 1464 681 1531 insula
707 1465 847 1532 exclusa:
885 1462 904 1543 ζ
927 1471 988 1533 204
1016 1458 1070 1529 ὅτι
1095 1465 1214 1550 σαφῶς
1238 1457 1387 1526 ἐνταῦθα
1412 1456 1542 1526 ἐκτετο-

368 1565 530 1656 πισμένην
551 1594 617 1637 που
639 1569 696 1637 καὶ
717 1565 854 1658 ἐσχάτην
873 1567 935 1657 τὴν
955 1572 1020 1634 τῶν
1045 1562 1207 1634 Φαιάκων
1226 1562 1336 1654 χώραν
1357 1559 1542 1655 ἀφίσταται

369 1669 417 1753 εἷς
435 1674 496 1762 τὴν
518 1674 691 1764 Κέρκυραν
714 1680 748 1762 (l.
769 1674 951 1765 ὑφίσταται
973 1669 1011 1743 σά
1032 1674 1094 1764 τὴν
1107 1680 1171 1761 Κ.)
1206 1676 1254 1744 cf.
1267 1675 1418 1762 Apollod.
1435 1674 1540 1742 Strab.

367 1782 435 1870 lp.
457 1793 498 1853 44
522 1788 595 1867 (119
615 1785 693 1871 Ta).
722 1785 785 1853 VII
805 1811 836 1873 p.
852 1792 914 1856 299
928 1789 1022 1869 (358).
1050 1784 1155 1863 Quam
1175 1786 1209 1850 in
1232 1783 1541 1869 senteutiampaeue

368 1892 573 1958 obliteratam
599 1915 686 1959 nuno
713 1891 917 1959 Nitzschium
949 1892 1025 1959 ferri
1057 1893 1211 1960 videmus.
1258 1890 1436 1977 Nunquam
1461 1891 1539 1956 satis

366 1999 546 2066 Aristarchi
572 2003 674 2069 aciem
700 2000 851 2067 admhari
876 2022 1058 2086 possumus.
1100 2001 1202 2067 Porro
1223 2000 1276 2065 hio
1296 1999 1539 2065 memorandum

366 2106 457 2183 illud,
489 2108 576 2193 quod
598 2130 637 2174 ex
665 2107 769 2175 Gellio
799 2109 948 2175 novimus
973 2107 1050 2175 XIV
1076 2117 1109 2188 6,
1142 2110 1198 2194 qui
1223 2108 1307 2173 inter
1333 2108 1539 2192 quaestiones

366 2212 554 2280 Homericas
580 2215 673 2281 affert
701 2219 830 2298 „utrum
857 2210 892 2279 ἐν
917 2219 957 2305 τῇ
983 2210 1047 2281 ἔσω
1075 2212 1232 2301 θαλάσση
1257 2214 1368 2281 Ulixes
1389 2215 1540 2280 amaverit

366 2313 436 2384 κατ’
456 2314 671 2406 Ἀρίσταρχον
692 2345 734 2388 aa
758 2317 792 2387 ἐν
813 2325 853 2410 τῇ
873 2316 935 2402 ἔξω
957 2320 1042 2388 κατὰ
1056 2316 1239 2410 Κράτητα(ί
1251 2323 1301 2387 ¹⁵⁶.
1337 2321 1448 2388 Grates
1468 2321 1539 2387 Ηο·

286 2431 357 2503 (255)
369 2450 457 2493 mero
481 2431 654 2511 Oceanum,
674 2429 707 2497 h.
730 2453 756 2496 a.
778 2430 903 2497 scilicet
920 2435 1088 2498 externum
1109 2452 1196 2497 mare
1211 2435 1326 2496 notum
1340 2452 1411 2495 esse
1425 2429 1539 2496 voluit.

368 2534 430 2613 Qui
457 2536 507 2601 uti
531 2536 658 2602 Ulixem
686 2560 724 2603 eo
752 2538 919 2603 devenisse
946 2539 1027 2604 dixit
1053 2540 1099 2605 sio
1119 2537 1303 2605 Menelaum
1326 2537 1430 2602 voluit
1455 2537 1539 2603 circa

366 2642 508 2709 Africam
530 2646 744 2730 navigantem,
765 2646 831 2711 sire
853 2646 946 2711 aliter
965 2645 1022 2712 ille
1045 2668 1141 2730 quem
1158 2645 1273 2711 statuit
1288 2639 1474 2727 περίπλους
1486 2646 1538 2709 in·

367 2749 562 2837 telligendus
584 2757 634 2818 est
655 2753 695 2836 (v.
714 2752 860 2819 thbert
880 2752 900 2819 l.
916 2753 938 2817 l.
953 2776 985 2837 p.
998 2757 1082 2837 437),
1103 2754 1144 2818 ad
1164 2752 1262 2819 Indos
1282 2752 1416 2832 venisse,
1430 2750 1537 2818 Str-ab.

366 2855 381 2921 Ι
403 2880 435 2942 p.
451 2863 491 2926 38
505 2862 558 2941 (82
572 2858 649 2943 Ta).
678 2860 797 2940 Grates,
816 2866 855 2926 ut
875 2861 908 2926 iu
930 2861 1076 2946 plurimis
1097 2862 1203 2940 rebus,
1224 2862 1270 2926 sic
1284 2860 1337 2925 hio
1351 2859 1537 2925 Aristarcho

366 2966 557 3043 contrarius,
584 2967 625 3031 ab
652 2988 763 3033 eorum
783 2972 876 3053 parte
898 2972 967 3034 erat
992 2969 1048 3055 qui
1070 2968 1248 3034 doctrinam
1269 2966 1412 3033 Homero
1433 2966 1538 3050 assig-

363 3197 542 3268 μιτινὲγιιας
558 3193 640 3269 παρὰ
656 3204 710 3256 τοῦ
726 3198 973 3272 Ἐρατοσθένουςι
986 3199 1183 3274 (Apollodorus
1194 3203 1250 3270 sc).
1281 3199 1334 3255 Hic
1352 3201 1465 3270 praeter
1481 3198 1538 3254 alia

364 3280 455 3336 multa
466 3282 520 3337 hoe
533 3281 569 3337 de
581 3283 765 3353 Apollodoro:
784 3279 905 3358 ἐπιτιμᾷ
923 3283 956 3341 δὲ
973 3290 1024 3341 καὶ
1040 3293 1104 3351 τοῖς
1119 3287 1189 3356 περὶ
1201 3287 1340 3342 Σικελίαν
1359 3287 1412 3355 την
1428 3279 1540 3352 πλάνην

363 3368 480 3437 λέγουσι
498 3357 569 3423 καθ’
579 3355 710 3437 Ὅμηρον
726 3371 780 3438 την
795 3360 966 3433 Ὀδυσσέως·
991 3366 1019 3426 εἰ
1040 3363 1097 3440 γὰρ
1112 3363 1150 3426 αὖ
1164 3381 1270 3441 χρηναι
1286 3363 1339 3439 τὴν
1354 3367 1410 3438 μὲν
1426 3361 1539 3438 πλάνην

363 3447 429 3506 ἐκεῖ
444 3448 599 3520 γεγονέναι
609 3444 743 3520 φάσκειν,
762 3446 817 3508 τὸν
833 3450 867 3508 δὲ
878 3446 1003 3523 ποιητὴν
1013 3450 1242 3518 ἐξοκιανικάναι
1252 3455 1434 3525 μυθολογίας
1443 3447 1539 3524 χάριν.

430 3534 469 3576 ¹⁵⁶
486 3530 726 3602 ἐκτετοπισμένοι
749 3529 836 3591 τόποι
853 3535 945 3591 Strab.
963 3541 996 3592 46
1014 3537 1095 3609 (125).
1129 3535 1308 3606 ἐκτοπισμάς
1325 3542 1355 3593 61
1375 3540 1453 3608 (164).
1475 3536 1493 3590 l.
1512 3534 1539 3591 V

362 3636 390 3689 p.
403 3621 460 3673 224.
490 3616 586 3673 Utitur
598 3635 665 3674 voce
677 3615 845 3687 ἐκτοπὶζιιν
862 3620 948 3676 etiam
959 3620 1136 3677 intransitive
1148 3626 1285 3689 „remotas
1295 3622 1422 3692 regiones
1434 3620 1538 3676 adire.“

362 3721 390 3773 p.
402 3707 435 3758 42
448 3702 528 3774 (119).
552 3707 582 3759 21
597 3703 661 3774 (56).
688 3703 815 3761 Occurrit
829 3703 861 3759 in
871 3705 925 3760 hao
944 3706 1107 3775 quaestione
1123 3708 1234 3778 caepim
1251 3707 1328 3778 apud
1344 3706 1538 3777 geogr-epham

363 3783 570 3855 ἐξωκεανὶζιιν
586 3790 616 3842 et
633 3783 856 3858 ἐξοικεανισμάς.
891 3789 951 3844 Hoc
969 3805 1026 3845 non
1043 3793 1155 3846 tantum
1174 3791 1314 3862 significat
1331 3790 1378 3857 „in
1395 3790 1538 3845 Oceanum

363 3869 532 3934 remittera“‚
550 3871 599 3926 sed
616 3870 710 3928 induit
727 3872 813 3929 etiam
828 3873 1066 3943 significationem
1084 3876 1131 3941 „in
1149 3893 1226 3933 mare
1243 3876 1432 3946 longinquum
1443 3874 1538 3930 remit

363 3958 448 4009 tere.‘⁴
482 3954 577 4011 Utitur
600 3955 674 4010 enim
692 3957 777 4012 etiam
795 3958 994 4029 Apollodorus,
1012 3966 1047 4016 44
1067 3962 1149 4029 (119),
1168 3960 1223 4016 Vll
1241 3979 1270 4032 p.
1291 3965 1341 4016 299
1361 3959 1442 4030 (357),
1459 3957 1538 4013 cuius

363 4040 459 4093 tamen
476 4039 616 4095 sanantis
633 4044 694 4097 erat
711 4057 814 4098 errasse
832 4042 933 4098 Ulixen
951 4040 1002 4109 „tr
1018 4049 1056 4115 τῇ
1072 4037 1132 4100 ἔσω
1149 4039 1309 4116 9ολάσσρ.“

431 4125 468 4166 ¹⁶⁶
486 4123 550 4179 San.
568 4140 612 4194 cp.
630 4128 675 4188 88,
694 4130 709 4178 7
727 4122 854 4193 Quaeris,
879 4127 973 4183 Ulixes
990 4127 1039 4183 uhi
1058 4128 1193 4185 erraverit
1209 4128 1305 4200 potius
1322 4145 1407 4197 quam
1424 4128 1536 4195 efficias,

362 4223 398 4261 ne
419 4223 469 4261 nos
485 4223 595 4278 semper
611 4211 754 4264 erremus?
776 4208 839 4266 Non
861 4214 945 4266 vacat
961 4212 1072 4277 audire,
1090 4216 1185 4268 utrum
1201 4216 1277 4269 inter
1293 4212 1405 4268 ltaliam
1422 4216 1452 4269 et
1470 4213 1537 4269 Sici·

361 4289 429 4344 liam
440 4289 560 4347 iactatus
570 4292 607 4347 sit
623 4309 661 4347 an
672 4296 752 4348 extra
769 4297 868 4349 notum
885 4295 967 4352 nobis
985 4296 1094 4353 orbem:
1112 4313 1205 4366 neque
1222 4297 1298 4353 enim
1314 4296 1410 4369 potuit
1428 4296 1458 4352 in
1476 4301 1536 4352 tam

364 4377 483 4445 angusto
501 4392 577 4432 error
593 4394 651 4434 eece
668 4379 728 4434 tam
744 4378 852 4449 longas.
