<?xml version="1.0" encoding="UTF-8"?>
<!DOCTYPE html PUBLIC "-//W3C//DTD XHTML 1.0 Transitional//EN"
    "http://www.w3.org/TR/xhtml1/DTD/xhtml1-transitional.dtd">
<html xmlns="http://www.w3.org/1999/xhtml" xml:lang="en" lang="en">
 <head>
  <title>
</title>
<meta http-equiv="Content-Type" content="text/html;charset=utf-8" />
  <meta name='ocr-system' content='tesseract 3.04.00' />
  <meta name='ocr-capabilities' content='ocr_page ocr_carea ocr_par ocr_line ocrx_word'/>
</head>
<body>
  <div class='ocr_page' id='page_1' title='image "./dearistarchistu00ludwgoog/dearistarchistu00ludwgoog_0039.png"; bbox 0 0 3425 4934; ppageno 0'>
   <div class='ocr_carea' id='block_1_1' title="bbox 382 329 1335 401">
    <p class='ocr_par' dir='ltr' id='par_1_1' title="bbox 382 329 1335 401">
     <span class='ocr_line' id='line_1_1' title="bbox 382 329 1335 401; baseline 0 -16"><span class='ocrx_word' id='word_1_1' title='bbox 382 335 405 385; x_wconf 79' lang='lat'><strong><em>2.</em></strong></span> <span class='ocrx_word' id='word_1_2' title='bbox 423 329 538 400; x_wconf 82' lang='lat' dir='ltr'><strong>Didymi</strong></span> <span class='ocrx_word' id='word_1_3' title='bbox 553 330 625 386; x_wconf 82' lang='lat' dir='ltr'><strong>hiber</strong></span> <span class='ocrx_word' id='word_1_4' title='bbox 642 333 677 388; x_wconf 89' lang='lat' dir='ltr'><strong>de</strong></span> <span class='ocrx_word' id='word_1_5' title='bbox 694 329 847 385; x_wconf 75' lang='lat' dir='ltr'><strong>Aristarchi</strong></span> <span class='ocrx_word' id='word_1_6' title='bbox 866 330 989 386; x_wconf 79' lang='lat' dir='ltr'><strong>editione</strong></span> <span class='ocrx_word' id='word_1_7' title='bbox 1007 331 1128 386; x_wconf 86' lang='lat' dir='ltr'><strong>Homeri.</strong></span> <span class='ocrx_word' id='word_1_8' title='bbox 1295 339 1335 401; x_wconf 79' lang='lat'><strong><em>25</em></strong></span> 
     </span>
    </p>
   </div>
   <div class='ocr_carea' id='block_1_2' title="bbox 164 500 1408 4464">
    <p class='ocr_par' dir='ltr' id='par_1_2' title="bbox 164 500 1408 4464">
     <span class='ocr_line' id='line_1_2' title="bbox 166 500 1337 587; baseline 0.001 -21"><span class='ocrx_word' id='word_1_9' title='bbox 166 500 339 581; x_wconf 78' lang='lat' dir='ltr'><strong>Zenodoti,</strong></span> <span class='ocrx_word' id='word_1_10' title='bbox 366 501 609 586; x_wconf 75' lang='lat' dir='ltr'><strong>Aristophanis,</strong></span> <span class='ocrx_word' id='word_1_11' title='bbox 646 506 679 566; x_wconf 90' lang='lat' dir='ltr'><strong><em>et</em></strong></span> <span class='ocrx_word' id='word_1_12' title='bbox 703 501 898 567; x_wconf 77' lang='lat' dir='ltr'><strong>recentiores</strong></span> <span class='ocrx_word' id='word_1_13' title='bbox 923 501 1072 567; x_wconf 80' lang='lat' dir='ltr'><strong>adhibuit</strong></span> <span class='ocrx_word' id='word_1_14' title='bbox 1093 524 1265 587; x_wconf 84' lang='lat' dir='ltr'><strong>earumque</strong></span> <span class='ocrx_word' id='word_1_15' title='bbox 1290 502 1337 567; x_wconf 88' lang='lat' dir='ltr'><strong>le·</strong></span> 
     </span>
     <span class='ocr_line' id='line_1_3' title="bbox 166 608 1338 695; baseline -0.002 -20"><span class='ocrx_word' id='word_1_16' title='bbox 166 610 290 675; x_wconf 87' lang='lat' dir='ltr'><strong>ctioues</strong></span> <span class='ocrx_word' id='word_1_17' title='bbox 305 608 484 693; x_wconf 80' lang='lat' dir='ltr'><strong>adscripsit.</strong></span> <span class='ocrx_word' id='word_1_18' title='bbox 519 608 668 695; x_wconf 88' lang='lat' dir='ltr'><strong>Denique</strong></span> <span class='ocrx_word' id='word_1_19' title='bbox 683 609 770 674; x_wconf 89' lang='lat' dir='ltr'><strong>haud</strong></span> <span class='ocrx_word' id='word_1_20' title='bbox 784 631 856 673; x_wconf 89' lang='lat' dir='ltr'><strong>raro</strong></span> <span class='ocrx_word' id='word_1_21' title='bbox 873 609 969 674; x_wconf 90' lang='lat' dir='ltr'><strong>etiam</strong></span> <span class='ocrx_word' id='word_1_22' title='bbox 991 609 1145 674; x_wconf 90' lang='lat' dir='ltr'><strong>iudicium</strong></span> <span class='ocrx_word' id='word_1_23' title='bbox 1166 631 1260 674; x_wconf 89' lang='lat' dir='ltr'><strong>suum</strong></span> <span class='ocrx_word' id='word_1_24' title='bbox 1281 609 1338 673; x_wconf 86' lang='lat' dir='ltr'><strong><em>ad·</em></strong></span> 
     </span>
     <span class='ocr_line' id='line_1_4' title="bbox 165 716 1336 803; baseline 0.001 -22"><span class='ocrx_word' id='word_1_25' title='bbox 165 717 244 795; x_wconf 84' lang='lat' dir='ltr'><strong>iicit,</strong></span> <span class='ocrx_word' id='word_1_26' title='bbox 272 716 307 781; x_wconf 90' lang='lat' dir='ltr'><strong><em>in</em></strong></span> <span class='ocrx_word' id='word_1_27' title='bbox 333 738 399 800; x_wconf 91' lang='lat' dir='ltr'><strong><em>qno</em></strong></span> <span class='ocrx_word' id='word_1_28' title='bbox 422 738 496 780; x_wconf 90' lang='lat' dir='ltr'><strong>eum</strong></span> <span class='ocrx_word' id='word_1_29' title='bbox 525 740 544 781; x_wconf 94' lang='lat' dir='ltr'><strong>a</strong></span> <span class='ocrx_word' id='word_1_30' title='bbox 571 717 710 803; x_wconf 83' lang='lat' dir='ltr'><strong>partium</strong></span> <span class='ocrx_word' id='word_1_31' title='bbox 736 717 843 781; x_wconf 91' lang='lat' dir='ltr'><strong>studio</strong></span> <span class='ocrx_word' id='word_1_32' title='bbox 871 717 1122 782; x_wconf 86' lang='lat' dir='ltr'><strong>remotissimum</strong></span> <span class='ocrx_word' id='word_1_33' title='bbox 1147 717 1336 782; x_wconf 86' lang='lat' dir='ltr'><strong>invenimus.</strong></span> 
     </span>
     <span class='ocr_line' id='line_1_5' title="bbox 165 823 1338 909; baseline -0.002 -19"><span class='ocrx_word' id='word_1_34' title='bbox 165 823 301 909; x_wconf 76' lang='lat' dir='ltr'><strong>Saepius</strong></span> <span class='ocrx_word' id='word_1_35' title='bbox 317 824 450 908; x_wconf 87' lang='lat' dir='ltr'><strong>quidem</strong></span> <span class='ocrx_word' id='word_1_36' title='bbox 464 824 639 890; x_wconf 82' lang='lat' dir='ltr'><strong>assentitur</strong></span> <span class='ocrx_word' id='word_1_37' title='bbox 652 824 852 889; x_wconf 76' lang='lat' dir='ltr'><strong>Aristarcho:</strong></span> <span class='ocrx_word' id='word_1_38' title='bbox 875 825 931 889; x_wconf 86' lang='lat' dir='ltr'><strong>sed</strong></span> <span class='ocrx_word' id='word_1_39' title='bbox 946 828 996 890; x_wconf 88' lang='lat' dir='ltr'><strong><em>est</em></strong></span> <span class='ocrx_word' id='word_1_40' title='bbox 1009 825 1066 889; x_wconf 86' lang='lat' dir='ltr'><strong><em>ubi</em></strong></span> <span class='ocrx_word' id='word_1_41' title='bbox 1083 823 1161 889; x_wconf 81' lang='lat' dir='ltr'><strong>alias</strong></span> <span class='ocrx_word' id='word_1_42' title='bbox 1182 823 1338 889; x_wconf 87' lang='lat' dir='ltr'><strong>lectiones</strong></span> 
     </span>
     <span class='ocr_line' id='line_1_6' title="bbox 167 930 1338 1016; baseline -0.001 -20"><span class='ocrx_word' id='word_1_43' title='bbox 167 930 337 1013; x_wconf 80' lang='lat' dir='ltr'><strong>(Zenodoti</strong></span> <span class='ocrx_word' id='word_1_44' title='bbox 366 930 475 1014; x_wconf 85' lang='lat' dir='ltr'><strong>etiam)</strong></span> <span class='ocrx_word' id='word_1_45' title='bbox 503 931 682 1016; x_wconf 85' lang='lat' dir='ltr'><strong>velaeque</strong></span> <span class='ocrx_word' id='word_1_46' title='bbox 709 932 810 997; x_wconf 87' lang='lat' dir='ltr'><strong>bonas</strong></span> <span class='ocrx_word' id='word_1_47' title='bbox 837 930 1008 997; x_wconf 76' lang='lat' dir='ltr'><strong>ueletiam</strong></span> <span class='ocrx_word' id='word_1_48' title='bbox 1035 931 1183 997; x_wconf 86' lang='lat' dir='ltr'><strong>meliores</strong></span> <span class='ocrx_word' id='word_1_49' title='bbox 1209 931 1338 996; x_wconf 84' lang='lat' dir='ltr'><strong>iudicat</strong></span> 
     </span>
     <span class='ocr_line' id='line_1_7' title="bbox 165 1037 1338 1124; baseline 0.001 -21"><span class='ocrx_word' id='word_1_50' title='bbox 165 1037 286 1103; x_wconf 87' lang='lat' dir='ltr'><strong>Iudicia</strong></span> <span class='ocrx_word' id='word_1_51' title='bbox 316 1038 507 1124; x_wconf 90' lang='lat' dir='ltr'><strong>plerumque</strong></span> <span class='ocrx_word' id='word_1_52' title='bbox 537 1039 655 1104; x_wconf 85' lang='lat' dir='ltr'><strong>brevia.</strong></span> <span class='ocrx_word' id='word_1_53' title='bbox 699 1039 890 1104; x_wconf 85' lang='lat' dir='ltr'><strong>Adscribam</strong></span> <span class='ocrx_word' id='word_1_54' title='bbox 916 1040 1086 1124; x_wconf 89' lang='lat' dir='ltr'><strong>quaedam,</strong></span> <span class='ocrx_word' id='word_1_55' title='bbox 1117 1044 1154 1104; x_wconf 92' lang='lat' dir='ltr'><strong>ut</strong></span> <span class='ocrx_word' id='word_1_56' title='bbox 1177 1061 1248 1105; x_wconf 88' lang='lat' dir='ltr'><strong><em>mos</em></strong></span> <span class='ocrx_word' id='word_1_57' title='bbox 1270 1041 1338 1105; x_wconf 87' lang='lat' dir='ltr'><strong>eius</strong></span> 
     </span>
     <span class='ocr_line' id='line_1_8' title="bbox 166 1139 1340 1233; baseline -0.001 -22"><span class='ocrx_word' id='word_1_58' title='bbox 166 1147 274 1231; x_wconf 89' lang='lat' dir='ltr'><strong>aliquo</strong></span> <span class='ocrx_word' id='word_1_59' title='bbox 296 1146 394 1212; x_wconf 88' lang='lat' dir='ltr'><strong>modo</strong></span> <span class='ocrx_word' id='word_1_60' title='bbox 414 1151 639 1232; x_wconf 79' lang='lat' dir='ltr'><strong>cognoscatur.</strong></span> <span class='ocrx_word' id='word_1_61' title='bbox 671 1149 702 1209; x_wconf 89' lang='lat' dir='ltr'><em>B</em></span> <span class='ocrx_word' id='word_1_62' title='bbox 720 1153 779 1215; x_wconf 79' lang='lat'><strong><em>266</em></strong></span> <span class='ocrx_word' id='word_1_63' title='bbox 802 1141 907 1223; x_wconf 68' lang='grc' dir='ltr'><strong><em>οὕτως</em></strong></span> <span class='ocrx_word' id='word_1_64' title='bbox 928 1140 963 1211; x_wconf 80' lang='grc' dir='ltr'><strong><em>αἰ</em></strong></span> <span class='ocrx_word' id='word_1_65' title='bbox 981 1139 1197 1231; x_wconf 81' lang='grc' dir='ltr'><strong><em>Ἀριστάρχου</em></strong></span> <span class='ocrx_word' id='word_1_66' title='bbox 1218 1141 1340 1233; x_wconf 79' lang='grc' dir='ltr'><strong><em>ἔκφυγε</em></strong></span> 
     </span>
     <span class='ocr_line' id='line_1_9' title="bbox 167 1247 1341 1343; baseline 0.001 -26"><span class='ocrx_word' id='word_1_67' title='bbox 167 1257 244 1335; x_wconf 80' lang='lat' dir='ltr'><strong>(uon</strong></span> <span class='ocrx_word' id='word_1_68' title='bbox 264 1247 408 1336; x_wconf 75' lang='grc' dir='ltr'><strong><em>ἔκπεσε).</em></strong></span> <span class='ocrx_word' id='word_1_69' title='bbox 438 1250 494 1318; x_wconf 86' lang='grc' dir='ltr'><strong><em>καὶ</em></strong></span> <span class='ocrx_word' id='word_1_70' title='bbox 509 1248 599 1319; x_wconf 74' lang='grc' dir='ltr'><strong><em>ἔστιν</em></strong></span> <span class='ocrx_word' id='word_1_71' title='bbox 611 1248 632 1343; x_wconf 87' lang='grc' dir='ltr'><strong><em>ῆ</em></strong></span> <span class='ocrx_word' id='word_1_72' title='bbox 646 1257 759 1342; x_wconf 88' lang='grc' dir='ltr'><strong><em>χρῆσις</em></strong></span> <span class='ocrx_word' id='word_1_73' title='bbox 769 1248 931 1342; x_wconf 84' lang='grc' dir='ltr'><strong><em>Ὁμηρικὴ</em></strong></span> <span class='ocrx_word' id='word_1_74' title='bbox 952 1257 1008 1342; x_wconf 87' lang='grc' dir='ltr'><strong><em>τῆς</em></strong></span> <span class='ocrx_word' id='word_1_75' title='bbox 1029 1250 1160 1333; x_wconf 82' lang='grc' dir='ltr'><strong><em>λέξεως·</em></strong></span> <span class='ocrx_word' id='word_1_76' title='bbox 1183 1248 1341 1341; x_wconf 86' lang='grc' dir='ltr'><strong><em>παρίστη-</em></strong></span> 
     </span>
     <span class='ocr_line' id='line_1_10' title="bbox 167 1355 1341 1451; baseline 0.002 -27"><span class='ocrx_word' id='word_1_77' title='bbox 167 1380 200 1424; x_wconf 87' lang='grc' dir='ltr'><strong><em>σι</em></strong></span> <span class='ocrx_word' id='word_1_78' title='bbox 237 1357 302 1444; x_wconf 85' lang='grc' dir='ltr'><strong><em>γὰρ</em></strong></span> <span class='ocrx_word' id='word_1_79' title='bbox 330 1355 436 1425; x_wconf 75' lang='grc' dir='ltr'><strong><em>ἐνίοτε</em></strong></span> <span class='ocrx_word' id='word_1_80' title='bbox 471 1355 583 1440; x_wconf 90' lang='grc' dir='ltr'><strong><em>τάχος·</em></strong></span> <span class='ocrx_word' id='word_1_81' title='bbox 629 1355 761 1449; x_wconf 86' lang='grc' dir='ltr'><strong><em>,,φάγεν</em></strong></span> <span class='ocrx_word' id='word_1_82' title='bbox 791 1356 895 1451; x_wconf 65' lang='grc' dir='ltr'><strong><em>ἡνία·</em></strong></span> <span class='ocrx_word' id='word_1_83' title='bbox 926 1364 976 1447; x_wconf 80' lang='grc' dir='ltr'><strong><em>(Ψ</em></strong></span> <span class='ocrx_word' id='word_1_84' title='bbox 1000 1366 1072 1445; x_wconf 84' lang='grc'>465)</span> <span class='ocrx_word' id='word_1_85' title='bbox 1105 1359 1162 1426; x_wconf 84' lang='grc' dir='ltr'><strong><em>καὶ</em></strong></span> <span class='ocrx_word' id='word_1_86' title='bbox 1193 1355 1341 1449; x_wconf 78' lang='grc' dir='ltr'><strong><em>,,ἐ’κφυγε</em></strong></span> 
     </span>
     <span class='ocr_line' id='line_1_11' title="bbox 164 1461 1342 1557; baseline 0.001 -24"><span class='ocrx_word' id='word_1_87' title='bbox 164 1463 299 1553; x_wconf 84' lang='grc' dir='ltr'><strong><em>χειρός“</em></strong></span> <span class='ocrx_word' id='word_1_88' title='bbox 321 1470 364 1551; x_wconf 86' lang='grc' dir='ltr'><strong><em>(Ε</em></strong></span> <span class='ocrx_word' id='word_1_89' title='bbox 385 1472 445 1553; x_wconf 84' lang='grc'><strong><em>18).</em></strong></span> <span class='ocrx_word' id='word_1_90' title='bbox 485 1466 597 1537; x_wconf 82' lang='grc' dir='ltr'><strong>Ξ382</strong></span> <span class='ocrx_word' id='word_1_91' title='bbox 624 1462 697 1534; x_wconf 73' lang='grc' dir='ltr'><strong><em>ἔνια</em></strong></span> <span class='ocrx_word' id='word_1_92' title='bbox 725 1465 763 1534; x_wconf 78' lang='grc' dir='ltr'><strong><em>δὲ</em></strong></span> <span class='ocrx_word' id='word_1_93' title='bbox 787 1473 852 1535; x_wconf 85' lang='grc' dir='ltr'><strong><em>τῶν</em></strong></span> <span class='ocrx_word' id='word_1_94' title='bbox 880 1462 1124 1557; x_wconf 75' lang='grc' dir='ltr'><strong><em>ὑπομνημάτων</em></strong></span> <span class='ocrx_word' id='word_1_95' title='bbox 1142 1468 1247 1534; x_wconf 80' lang='grc' dir='ltr'><strong><em>δῶκεν</em></strong></span> <span class='ocrx_word' id='word_1_96' title='bbox 1268 1461 1342 1534; x_wconf 84' lang='grc' dir='ltr'><strong><em>ἀντὶ</em></strong></span> 
     </span>
     <span class='ocr_line' id='line_1_12' title="bbox 165 1568 1341 1664; baseline 0.003 -25"><span class='ocrx_word' id='word_1_97' title='bbox 165 1578 224 1640; x_wconf 84' lang='grc' dir='ltr'><strong><em>τοῦ</em></strong></span> <span class='ocrx_word' id='word_1_98' title='bbox 247 1570 375 1642; x_wconf 79' lang='grc' dir='ltr'><strong><em>δόσκεν.</em></strong></span> <span class='ocrx_word' id='word_1_99' title='bbox 404 1572 461 1639; x_wconf 83' lang='grc' dir='ltr'><strong><em>καί</em></strong></span> <span class='ocrx_word' id='word_1_100' title='bbox 482 1570 570 1640; x_wconf 74' lang='grc' dir='ltr'><strong><em>ἔστιν</em></strong></span> <span class='ocrx_word' id='word_1_101' title='bbox 591 1568 863 1663; x_wconf 74' lang='grc' dir='ltr'><strong><em>εὐφραδίστερον.</em></strong></span> <span class='ocrx_word' id='word_1_102' title='bbox 902 1584 982 1647; x_wconf 86' lang='grc' dir='ltr'><strong><em>Τ95</em></strong></span> <span class='ocrx_word' id='word_1_103' title='bbox 1000 1570 1213 1664; x_wconf 73' lang='grc' dir='ltr'><strong><em>Ἀρίσταρχος</em></strong></span> <span class='ocrx_word' id='word_1_104' title='bbox 1233 1575 1341 1655; x_wconf 66' lang='lat' dir='ltr'><strong>„Zeto</strong></span> 
     </span>
     <span class='ocr_line' id='line_1_13' title="bbox 167 1675 1340 1772; baseline 0.003 -25"><span class='ocrx_word' id='word_1_105' title='bbox 167 1675 308 1748; x_wconf 80' lang='grc' dir='ltr'><strong><em>ἀσατο.“</em></strong></span> <span class='ocrx_word' id='word_1_106' title='bbox 330 1680 412 1767; x_wconf 56' lang='lat' dir='ltr'><strong>(aar)</strong></span> <span class='ocrx_word' id='word_1_107' title='bbox 431 1679 536 1761; x_wconf 73' lang='grc' dir='ltr'><strong><em>οὕτως</em></strong></span> <span class='ocrx_word' id='word_1_108' title='bbox 557 1680 593 1748; x_wconf 78' lang='grc' dir='ltr'><strong><em>ἐν</em></strong></span> <span class='ocrx_word' id='word_1_109' title='bbox 614 1678 773 1768; x_wconf 83' lang='grc' dir='ltr'><strong><em>άπάσαις,</em></strong></span> <span class='ocrx_word' id='word_1_110' title='bbox 794 1682 880 1763; x_wconf 83' lang='grc' dir='ltr'><strong><em>Ζεὺς</em></strong></span> <span class='ocrx_word' id='word_1_111' title='bbox 900 1678 1019 1751; x_wconf 86' lang='grc' dir='ltr'><strong><em>άσατο·</em></strong></span> <span class='ocrx_word' id='word_1_112' title='bbox 1041 1683 1099 1751; x_wconf 83' lang='grc' dir='ltr'><strong><em>καὶ</em></strong></span> <span class='ocrx_word' id='word_1_113' title='bbox 1119 1680 1189 1752; x_wconf 73' lang='grc' dir='ltr'><strong><em>ἐστι</em></strong></span> <span class='ocrx_word' id='word_1_114' title='bbox 1209 1707 1340 1772; x_wconf 87' lang='grc' dir='ltr'><strong><em>ποιητι·</em></strong></span> 
     </span>
     <span class='ocr_line' id='line_1_14' title="bbox 167 1785 1340 1882; baseline 0.001 -26"><span class='ocrx_word' id='word_1_115' title='bbox 167 1785 318 1874; x_wconf 81' lang='grc' dir='ltr'><strong><em>κιότερον.</em></strong></span> <span class='ocrx_word' id='word_1_116' title='bbox 341 1786 377 1854; x_wconf 76' lang='grc' dir='ltr'><strong><em>ἐν</em></strong></span> <span class='ocrx_word' id='word_1_117' title='bbox 404 1787 442 1855; x_wconf 83' lang='grc' dir='ltr'><strong><em>δέ</em></strong></span> <span class='ocrx_word' id='word_1_118' title='bbox 466 1813 535 1856; x_wconf 86' lang='grc' dir='ltr'><strong><em>τισι</em></strong></span> <span class='ocrx_word' id='word_1_119' title='bbox 558 1794 621 1856; x_wconf 80' lang='grc' dir='ltr'><strong><em>τῶν</em></strong></span> <span class='ocrx_word' id='word_1_120' title='bbox 643 1786 855 1878; x_wconf 81' lang='grc' dir='ltr'><strong><em>εἰκαιοτέρων</em></strong></span> <span class='ocrx_word' id='word_1_121' title='bbox 876 1786 952 1882; x_wconf 74' lang='grc' dir='ltr'><strong><em>Ζῆν’</em></strong></span> <span class='ocrx_word' id='word_1_122' title='bbox 976 1786 1090 1862; x_wconf 85' lang='grc' dir='ltr'><strong><em>ἀσατο.</em></strong></span> <span class='ocrx_word' id='word_1_123' title='bbox 1131 1797 1159 1856; x_wconf 86' lang='grc' dir='ltr'><strong><em>Υ</em></strong></span> <span class='ocrx_word' id='word_1_124' title='bbox 1180 1801 1238 1862; x_wconf 82' lang='grc'><strong><em>170</em></strong></span> <span class='ocrx_word' id='word_1_125' title='bbox 1260 1786 1340 1877; x_wconf 84' lang='grc' dir='ltr'><strong><em>γρά-</em></strong></span> 
     </span>
     <span class='ocr_line' id='line_1_15' title="bbox 167 1892 1343 1990; baseline 0.002 -27"><span class='ocrx_word' id='word_1_126' title='bbox 167 1922 268 1986; x_wconf 84' lang='grc' dir='ltr'><strong><em>φιται</em></strong></span> <span class='ocrx_word' id='word_1_127' title='bbox 293 1892 513 1988; x_wconf 78' lang='grc' dir='ltr'><strong><em>ἀμφοτέρωσε</em></strong></span> <span class='ocrx_word' id='word_1_128' title='bbox 540 1895 575 1965; x_wconf 77' lang='grc' dir='ltr'><strong><em>ἔν</em></strong></span> <span class='ocrx_word' id='word_1_129' title='bbox 602 1923 707 1980; x_wconf 86' lang='grc' dir='ltr'><strong><em>τισιν,</em></strong></span> <span class='ocrx_word' id='word_1_130' title='bbox 742 1894 780 1967; x_wconf 85' lang='grc' dir='ltr'><strong><em>οά</em></strong></span> <span class='ocrx_word' id='word_1_131' title='bbox 808 1897 955 1988; x_wconf 79' lang='grc' dir='ltr'><em>φαύλως.</em></span> <span class='ocrx_word' id='word_1_132' title='bbox 998 1909 1056 1971; x_wconf 87' lang='grc'><strong><em>188</em></strong></span> <span class='ocrx_word' id='word_1_133' title='bbox 1083 1897 1103 1990; x_wconf 84' lang='grc' dir='ltr'><em>ἡ</em></span> <span class='ocrx_word' id='word_1_134' title='bbox 1126 1897 1259 1966; x_wconf 79' lang='grc' dir='ltr'><strong><em>Ῥιανοῦ</em></strong></span> <span class='ocrx_word' id='word_1_135' title='bbox 1285 1896 1343 1965; x_wconf 81' lang='grc' dir='ltr'><strong><em>καὶ</em></strong></span> 
     </span>
     <span class='ocr_line' id='line_1_16' title="bbox 164 1999 1342 2094; baseline 0.002 -24"><span class='ocrx_word' id='word_1_136' title='bbox 164 1999 428 2094; x_wconf 79' lang='grc' dir='ltr'><strong><em>Ἀριστοφάνους</em></strong></span> <span class='ocrx_word' id='word_1_137' title='bbox 446 2010 539 2091; x_wconf 78' lang='grc' dir='ltr'><strong><em>βοῶν</em></strong></span> <span class='ocrx_word' id='word_1_138' title='bbox 557 2003 631 2074; x_wconf 73' lang='grc' dir='ltr'><strong><em>ἐίτι·</em></strong></span> <span class='ocrx_word' id='word_1_139' title='bbox 654 2002 715 2074; x_wconf 81' lang='grc' dir='ltr'><strong><em>οὐκ</em></strong></span> <span class='ocrx_word' id='word_1_140' title='bbox 738 2002 909 2094; x_wconf 89' lang='grc' dir='ltr'><strong><em>ἀχαρίτως.</em></strong></span> <span class='ocrx_word' id='word_1_141' title='bbox 945 2014 976 2073; x_wconf 85' lang='grc' dir='ltr'>Γ</span> <span class='ocrx_word' id='word_1_142' title='bbox 993 2017 1054 2079; x_wconf 82' lang='lat'><strong><em>292</em></strong></span> <span class='ocrx_word' id='word_1_143' title='bbox 1075 2007 1179 2087; x_wconf 69' lang='grc' dir='ltr'><strong><em>οὕτως</em></strong></span> <span class='ocrx_word' id='word_1_144' title='bbox 1199 2003 1233 2073; x_wconf 79' lang='grc' dir='ltr'><strong><em>αἰ</em></strong></span> <span class='ocrx_word' id='word_1_145' title='bbox 1251 2002 1342 2092; x_wconf 89' lang='grc' dir='ltr'><strong><em>Ἀρι·</em></strong></span> 
     </span>
     <span class='ocr_line' id='line_1_17' title="bbox 167 2107 1342 2200; baseline 0.003 -20"><span class='ocrx_word' id='word_1_146' title='bbox 167 2109 307 2199; x_wconf 87' lang='grc' dir='ltr'><strong><em>στάρχου</em></strong></span> <span class='ocrx_word' id='word_1_147' title='bbox 322 2107 392 2180; x_wconf 86' lang='grc' dir='ltr'><strong><em>ἀπὸ</em></strong></span> <span class='ocrx_word' id='word_1_148' title='bbox 409 2111 606 2197; x_wconf 78' lang='grc' dir='ltr'><strong><em>στομάχους·</em></strong></span> <span class='ocrx_word' id='word_1_149' title='bbox 630 2111 665 2181; x_wconf 77' lang='lat' dir='ltr'><strong><em>ai</em></strong></span> <span class='ocrx_word' id='word_1_150' title='bbox 687 2112 723 2183; x_wconf 76' lang='grc' dir='ltr'><strong><em>δὲ</em></strong></span> <span class='ocrx_word' id='word_1_151' title='bbox 735 2115 875 2195; x_wconf 88' lang='grc' dir='ltr'><strong><em>πλείους</em></strong></span> <span class='ocrx_word' id='word_1_152' title='bbox 890 2114 947 2182; x_wconf 90' lang='grc' dir='ltr'><strong><em>διὰ</em></strong></span> <span class='ocrx_word' id='word_1_153' title='bbox 962 2122 1020 2184; x_wconf 85' lang='grc' dir='ltr'><strong><em>τοῦ</em></strong></span> <span class='ocrx_word' id='word_1_154' title='bbox 1036 2141 1062 2197; x_wconf 88' lang='grc' dir='ltr'><strong><em>ε,</em></strong></span> <span class='ocrx_word' id='word_1_155' title='bbox 1079 2113 1137 2183; x_wconf 76' lang='grc' dir='ltr'><strong><em>ἐπὶ</em></strong></span> <span class='ocrx_word' id='word_1_156' title='bbox 1151 2109 1342 2200; x_wconf 83' lang='grc' dir='ltr'><strong><em>στομάχους.</em></strong></span> 
     </span>
     <span class='ocr_line' id='line_1_18' title="bbox 168 2214 1342 2314; baseline 0.003 -26"><span class='ocrx_word' id='word_1_157' title='bbox 168 2221 224 2288; x_wconf 86' lang='grc' dir='ltr'><strong><em>καὶ</em></strong></span> <span class='ocrx_word' id='word_1_158' title='bbox 252 2218 342 2288; x_wconf 75' lang='grc' dir='ltr'><strong><em>ἔστιν</em></strong></span> <span class='ocrx_word' id='word_1_159' title='bbox 371 2215 431 2287; x_wconf 77' lang='grc' dir='ltr'><strong><em>οὐκ</em></strong></span> <span class='ocrx_word' id='word_1_160' title='bbox 459 2214 578 2307; x_wconf 84' lang='grc' dir='ltr'><strong><em>ἀχαρις</em></strong></span> <span class='ocrx_word' id='word_1_161' title='bbox 605 2218 625 2313; x_wconf 84' lang='grc' dir='ltr'><strong><em>ῆ</em></strong></span> <span class='ocrx_word' id='word_1_162' title='bbox 649 2218 769 2314; x_wconf 89' lang='grc' dir='ltr'><strong><em>γραφῆ.</em></strong></span> <span class='ocrx_word' id='word_1_163' title='bbox 811 2229 842 2288; x_wconf 87' lang='grc' dir='ltr'>Γ</span> <span class='ocrx_word' id='word_1_164' title='bbox 861 2232 899 2295; x_wconf 85' lang='grc'><strong><em>18</em></strong></span> <span class='ocrx_word' id='word_1_165' title='bbox 928 2220 994 2306; x_wconf 72' lang='grc' dir='ltr'><strong><em>ἔχει</em></strong></span> <span class='ocrx_word' id='word_1_166' title='bbox 1021 2223 1058 2291; x_wconf 75' lang='grc' dir='ltr'><strong><em>δὲ</em></strong></span> <span class='ocrx_word' id='word_1_167' title='bbox 1081 2223 1143 2292; x_wconf 81' lang='grc' dir='ltr'><strong><em>τόν</em></strong></span> <span class='ocrx_word' id='word_1_168' title='bbox 1163 2219 1342 2312; x_wconf 78' lang='grc' dir='ltr'><strong><em>Ὁμηρικὸν</em></strong></span> 
     </span>
     <span class='ocr_line' id='line_1_19' title="bbox 166 2323 1342 2420; baseline 0.002 -25"><span class='ocrx_word' id='word_1_169' title='bbox 166 2335 357 2420; x_wconf 82' lang='grc' dir='ltr'><strong><em>χαρακτῆρα</em></strong></span> <span class='ocrx_word' id='word_1_170' title='bbox 376 2327 434 2395; x_wconf 81' lang='grc' dir='ltr'><strong><em>καί</em></strong></span> <span class='ocrx_word' id='word_1_171' title='bbox 451 2324 471 2418; x_wconf 82' lang='grc' dir='ltr'><strong><em>ἡ</em></strong></span> <span class='ocrx_word' id='word_1_172' title='bbox 491 2327 551 2395; x_wconf 84' lang='grc' dir='ltr'><strong><em>σὺν</em></strong></span> <span class='ocrx_word' id='word_1_173' title='bbox 570 2335 618 2416; x_wconf 80' lang='grc' dir='ltr'><strong><em>τῷ</em></strong></span> <span class='ocrx_word' id='word_1_174' title='bbox 642 2323 762 2418; x_wconf 71' lang='grc' dir='ltr'><strong><em>ἀρθρφ</em></strong></span> <span class='ocrx_word' id='word_1_175' title='bbox 783 2331 896 2420; x_wconf 86' lang='grc' dir='ltr'><strong><em>γραφῆ</em></strong></span> <span class='ocrx_word' id='word_1_176' title='bbox 920 2327 1042 2416; x_wconf 89' lang='grc' dir='ltr'><strong><em>καίπερ</em></strong></span> <span class='ocrx_word' id='word_1_177' title='bbox 1065 2325 1126 2398; x_wconf 82' lang='grc' dir='ltr'><strong><em>οἰκ</em></strong></span> <span class='ocrx_word' id='word_1_178' title='bbox 1148 2323 1231 2398; x_wconf 84' lang='grc' dir='ltr'><strong><em>σάσα</em></strong></span> <span class='ocrx_word' id='word_1_179' title='bbox 1248 2324 1342 2414; x_wconf 90' lang='grc' dir='ltr'><strong><em>Ἀρι-</em></strong></span> 
     </span>
     <span class='ocr_line' id='line_1_20' title="bbox 167 2437 1343 2524; baseline -0.003 -19"><span class='ocrx_word' id='word_1_180' title='bbox 167 2437 344 2524; x_wconf 83' lang='grc' dir='ltr'><strong><em>στάρχειος,</em></strong></span> <span class='ocrx_word' id='word_1_181' title='bbox 368 2439 551 2524; x_wconf 70' lang='lat' dir='ltr'><strong>etreliqua</strong></span> <span class='ocrx_word' id='word_1_182' title='bbox 573 2461 655 2524; x_wconf 88' lang='lat' dir='ltr'><strong>quae</strong></span> <span class='ocrx_word' id='word_1_183' title='bbox 676 2440 813 2507; x_wconf 87' lang='lat' dir='ltr'><strong>lectores</strong></span> <span class='ocrx_word' id='word_1_184' title='bbox 834 2442 932 2508; x_wconf 86' lang='lat' dir='ltr'><strong>velim</strong></span> <span class='ocrx_word' id='word_1_185' title='bbox 955 2443 1084 2509; x_wconf 85' lang='lat' dir='ltr'><strong>adeant.</strong></span> <span class='ocrx_word' id='word_1_186' title='bbox 1120 2445 1155 2505; x_wconf 93' lang='lat' dir='ltr'><em>N</em></span> <span class='ocrx_word' id='word_1_187' title='bbox 1167 2447 1227 2509; x_wconf 83' lang='lat'><strong><em>502</em></strong></span> <span class='ocrx_word' id='word_1_188' title='bbox 1248 2441 1343 2523; x_wconf 82' lang='grc' dir='ltr'><strong><em>πρῶ-</em></strong></span> 
     </span>
     <span class='ocr_line' id='line_1_21' title="bbox 168 2540 1408 2637; baseline 0.002 -27"><span class='ocrx_word' id='word_1_189' title='bbox 168 2569 240 2624; x_wconf 74' lang='grc' dir='ltr'><strong><em>τοςτ</em></strong></span> <span class='ocrx_word' id='word_1_190' title='bbox 261 2541 281 2635; x_wconf 79' lang='grc' dir='ltr'><em>ἡ</em></span> <span class='ocrx_word' id='word_1_191' title='bbox 302 2540 577 2633; x_wconf 79' lang='grc' dir='ltr'><strong><em>Ἀριστοφάνειος</em></strong></span> <span class='ocrx_word' id='word_1_192' title='bbox 598 2540 760 2633; x_wconf 70' lang='grc' dir='ltr'><strong><em>πρόσθεν,</em></strong></span> <span class='ocrx_word' id='word_1_193' title='bbox 782 2546 840 2613; x_wconf 86' lang='grc' dir='ltr'><strong><em>καί</em></strong></span> <span class='ocrx_word' id='word_1_194' title='bbox 860 2544 992 2637; x_wconf 84' lang='grc' dir='ltr'><strong><em>μῆποτε</em></strong></span> <span class='ocrx_word' id='word_1_195' title='bbox 1013 2544 1158 2631; x_wconf 82' lang='grc' dir='ltr'><strong><em>βέλτιον·</em></strong></span> <span class='ocrx_word' id='word_1_196' title='bbox 1180 2543 1342 2632; x_wconf 89' lang='grc' dir='ltr'><strong><em>πρότερος</em></strong></span> <span class='ocrx_word' id='word_1_197' title='bbox 1353 2567 1408 2637; x_wconf 82' lang='lat'>(29)</span> 
     </span>
     <span class='ocr_line' id='line_1_22' title="bbox 170 2643 1344 2745; baseline 0.002 -27"><span class='ocrx_word' id='word_1_198' title='bbox 170 2652 230 2738; x_wconf 79' lang='grc' dir='ltr'><strong><em>γάρ</em></strong></span> <span class='ocrx_word' id='word_1_199' title='bbox 245 2647 288 2719; x_wconf 81' lang='grc' dir='ltr'><strong><em>ἀν</em></strong></span> <span class='ocrx_word' id='word_1_200' title='bbox 302 2643 404 2720; x_wconf 82' lang='grc' dir='ltr'><strong><em>εἶπεν.</em></strong></span> <span class='ocrx_word' id='word_1_201' title='bbox 434 2656 473 2718; x_wconf 89' lang='grc' dir='ltr'>Η</span> <span class='ocrx_word' id='word_1_202' title='bbox 485 2660 544 2723; x_wconf 85' lang='grc'><strong><em>436</em></strong></span> <span class='ocrx_word' id='word_1_203' title='bbox 567 2650 604 2719; x_wconf 69' lang='lat' dir='ltr'><strong><em>tx</em></strong></span> <span class='ocrx_word' id='word_1_204' title='bbox 624 2650 760 2720; x_wconf 70' lang='grc' dir='ltr'><strong><em>πεδίουε</em></strong></span> <span class='ocrx_word' id='word_1_205' title='bbox 782 2651 817 2720; x_wconf 77' lang='grc' dir='ltr'><strong><em>ἐν</em></strong></span> <span class='ocrx_word' id='word_1_206' title='bbox 837 2658 877 2745; x_wconf 85' lang='grc' dir='ltr'><strong><em>τῆ</em></strong></span> <span class='ocrx_word' id='word_1_207' title='bbox 898 2653 982 2720; x_wconf 85' lang='grc' dir='ltr'><strong><em>κατὰ</em></strong></span> <span class='ocrx_word' id='word_1_208' title='bbox 1001 2648 1226 2743; x_wconf 79' lang='grc' dir='ltr'><strong><em>Ἀριστοφάνη</em></strong></span> <span class='ocrx_word' id='word_1_209' title='bbox 1241 2649 1344 2732; x_wconf 70' lang='grc' dir='ltr'><strong><em>οὕτως</em></strong></span> 
     </span>
     <span class='ocr_line' id='line_1_23' title="bbox 170 2755 1342 2851; baseline -0.002 -24"><span class='ocrx_word' id='word_1_210' title='bbox 170 2758 366 2846; x_wconf 76' lang='grc' dir='ltr'><strong><em>ἐγέγραπτο,</em></strong></span> <span class='ocrx_word' id='word_1_211' title='bbox 388 2758 424 2825; x_wconf 79' lang='grc' dir='ltr'><strong><em>ἐν</em></strong></span> <span class='ocrx_word' id='word_1_212' title='bbox 444 2757 565 2847; x_wconf 79' lang='grc' dir='ltr'><strong><em>πεδίῳ·</em></strong></span> <span class='ocrx_word' id='word_1_213' title='bbox 594 2760 651 2827; x_wconf 79' lang='grc' dir='ltr'><strong><em>καί</em></strong></span> <span class='ocrx_word' id='word_1_214' title='bbox 676 2757 807 2851; x_wconf 89' lang='grc' dir='ltr'><strong><em>μῆποτε</em></strong></span> <span class='ocrx_word' id='word_1_215' title='bbox 829 2755 966 2845; x_wconf 87' lang='grc' dir='ltr'><strong><em>ἀμεινον</em></strong></span> <span class='ocrx_word' id='word_1_216' title='bbox 989 2767 1087 2830; x_wconf 82' lang='grc' dir='ltr'><strong><em>τοῦτο</em></strong></span> <span class='ocrx_word' id='word_1_217' title='bbox 1106 2765 1192 2849; x_wconf 80' lang='lat' dir='ltr'><strong>&lt;cod</strong></span> <span class='ocrx_word' id='word_1_218' title='bbox 1213 2757 1342 2847; x_wconf 69' lang='grc' dir='ltr'><strong><em>οὕτως).</em></strong></span> 
     </span>
     <span class='ocr_line' id='line_1_24' title="bbox 171 2861 1344 2960; baseline 0 -25"><span class='ocrx_word' id='word_1_219' title='bbox 171 2875 211 2937; x_wconf 89' lang='grc' dir='ltr'><em>Μ</em></span> <span class='ocrx_word' id='word_1_220' title='bbox 228 2876 290 2940; x_wconf 79' lang='grc'><strong><em>428</em></strong></span> <span class='ocrx_word' id='word_1_221' title='bbox 316 2864 401 2956; x_wconf 76' lang='grc' dir='ltr'><strong><em>ὅτφι</em></strong></span> <span class='ocrx_word' id='word_1_222' title='bbox 437 2861 626 2955; x_wconf 79' lang='grc' dir='ltr'><strong><em>Ζηνόδοτος</em></strong></span> <span class='ocrx_word' id='word_1_223' title='bbox 652 2865 745 2956; x_wconf 80' lang='grc' dir='ltr'><strong><em>ὅτεῳ.</em></strong></span> <span class='ocrx_word' id='word_1_224' title='bbox 775 2868 832 2936; x_wconf 83' lang='grc' dir='ltr'><strong><em>καὶ</em></strong></span> <span class='ocrx_word' id='word_1_225' title='bbox 860 2866 1016 2960; x_wconf 78' lang='grc' dir='ltr'><strong><em>ἐμφαίνει</em></strong></span> <span class='ocrx_word' id='word_1_226' title='bbox 1039 2865 1219 2956; x_wconf 85' lang='grc' dir='ltr'><strong><em>Ὁμηρικὸν</em></strong></span> <span class='ocrx_word' id='word_1_227' title='bbox 1242 2892 1344 2955; x_wconf 89' lang='grc' dir='ltr'><strong><em>χαρα·</em></strong></span> 
     </span>
     <span class='ocr_line' id='line_1_25' title="bbox 171 2971 1342 3067; baseline 0 -25"><span class='ocrx_word' id='word_1_228' title='bbox 171 2982 285 3066; x_wconf 91' lang='grc' dir='ltr'><strong><em>κτῆρα·</em></strong></span> <span class='ocrx_word' id='word_1_229' title='bbox 313 2974 372 3042; x_wconf 84' lang='grc' dir='ltr'><strong><em>καί</em></strong></span> <span class='ocrx_word' id='word_1_230' title='bbox 398 2974 460 3061; x_wconf 87' lang='grc' dir='ltr'><strong><em>γάρ</em></strong></span> <span class='ocrx_word' id='word_1_231' title='bbox 487 2971 634 3057; x_wconf 80' lang='grc' dir='ltr'><strong><em>ἀλλαχοῦ</em></strong></span> <span class='ocrx_word' id='word_1_232' title='bbox 662 2996 745 3066; x_wconf 89' lang='grc' dir='ltr'><strong><em>φησι</em></strong></span> <span class='ocrx_word' id='word_1_233' title='bbox 772 2982 845 3064; x_wconf 73' lang='grc' dir='ltr'><strong><em>,μῆ</em></strong></span> <span class='ocrx_word' id='word_1_234' title='bbox 875 2973 959 3064; x_wconf 77' lang='grc' dir='ltr'><strong><em>ὅτεῴ</em></strong></span> <span class='ocrx_word' id='word_1_235' title='bbox 988 3001 1025 3044; x_wconf 85' lang='grc' dir='ltr'><strong><em>τε</em></strong></span> <span class='ocrx_word' id='word_1_236' title='bbox 1048 2976 1157 3067; x_wconf 76' lang='grc' dir='ltr'><strong><em>πατὴρ</em></strong></span> <span class='ocrx_word' id='word_1_237' title='bbox 1187 2974 1342 3044; x_wconf 78' lang='grc' dir='ltr'><strong><em>κέλεται“</em></strong></span> 
     </span>
     <span class='ocr_line' id='line_1_26' title="bbox 170 3080 1384 3173; baseline -0.002 -19"><span class='ocrx_word' id='word_1_238' title='bbox 170 3089 302 3170; x_wconf 70' lang='lat' dir='ltr'><strong>(filu).</strong></span> <span class='ocrx_word' id='word_1_239' title='bbox 341 3088 380 3149; x_wconf 87' lang='grc' dir='ltr'><em>Η</em></span> <span class='ocrx_word' id='word_1_240' title='bbox 395 3090 457 3153; x_wconf 83' lang='lat'><strong><em>428</em></strong></span> <span class='ocrx_word' id='word_1_241' title='bbox 479 3085 660 3173; x_wconf 71' lang='grc' dir='ltr'><strong><em>πυρκαϊῆςε</em></strong></span> <span class='ocrx_word' id='word_1_242' title='bbox 681 3080 783 3163; x_wconf 72' lang='grc' dir='ltr'><strong><em>οὕτως</em></strong></span> <span class='ocrx_word' id='word_1_243' title='bbox 804 3080 840 3151; x_wconf 75' lang='grc' dir='ltr'><strong><em>αἱ</em></strong></span> <span class='ocrx_word' id='word_1_244' title='bbox 856 3080 1071 3171; x_wconf 83' lang='grc' dir='ltr'><strong><em>Ἀριστάρχου</em></strong></span> <span class='ocrx_word' id='word_1_245' title='bbox 1093 3083 1178 3151; x_wconf 82' lang='grc' dir='ltr'><strong><em>κατὰ</em></strong></span> <span class='ocrx_word' id='word_1_246' title='bbox 1200 3080 1384 3172; x_wconf 79' lang='grc' dir='ltr'><strong><em>γενικῆν·25</em></strong></span> 
     </span>
     <span class='ocr_line' id='line_1_27' title="bbox 168 3185 1337 3282; baseline 0.001 -23"><span class='ocrx_word' id='word_1_247' title='bbox 168 3186 186 3280; x_wconf 82' lang='grc' dir='ltr'><strong><em>ῆ</em></strong></span> <span class='ocrx_word' id='word_1_248' title='bbox 208 3192 295 3279; x_wconf 77' lang='lat' dir='ltr'><strong>&lt;cod</strong></span> <span class='ocrx_word' id='word_1_249' title='bbox 313 3186 365 3278; x_wconf 85' lang='grc' dir='ltr'><strong><em>αί&gt;</em></strong></span> <span class='ocrx_word' id='word_1_250' title='bbox 387 3187 425 3258; x_wconf 82' lang='grc' dir='ltr'><strong><em>δδ</em></strong></span> <span class='ocrx_word' id='word_1_251' title='bbox 438 3185 627 3276; x_wconf 88' lang='grc' dir='ltr'><strong><em>Ζηνοδότου</em></strong></span> <span class='ocrx_word' id='word_1_252' title='bbox 647 3194 801 3282; x_wconf 84' lang='grc' dir='ltr'><strong><em>πορκαϊῆ.</em></strong></span> <span class='ocrx_word' id='word_1_253' title='bbox 825 3192 882 3259; x_wconf 83' lang='grc' dir='ltr'><strong><em>καὶ</em></strong></span> <span class='ocrx_word' id='word_1_254' title='bbox 902 3189 972 3260; x_wconf 75' lang='grc' dir='ltr'><strong><em>ἔστι</em></strong></span> <span class='ocrx_word' id='word_1_255' title='bbox 991 3189 1210 3280; x_wconf 84' lang='grc' dir='ltr'><strong><em>χαριέστερον,</em></strong></span> <span class='ocrx_word' id='word_1_256' title='bbox 1234 3186 1281 3271; x_wconf 79' lang='grc' dir='ltr'><strong><em>ὣς</em></strong></span> <span class='ocrx_word' id='word_1_257' title='bbox 1299 3190 1337 3260; x_wconf 90' lang='grc' dir='ltr'><strong><em>τδ</em></strong></span> 
     </span>
     <span class='ocr_line' id='line_1_28' title="bbox 170 3293 1341 3388; baseline 0 -23"><span class='ocrx_word' id='word_1_258' title='bbox 170 3297 230 3379; x_wconf 71' lang='lat' dir='ltr'><strong><em>„a</em></strong></span> <span class='ocrx_word' id='word_1_259' title='bbox 252 3296 290 3365; x_wconf 80' lang='grc' dir='ltr'><strong><em>δὲ</em></strong></span> <span class='ocrx_word' id='word_1_260' title='bbox 314 3302 404 3388; x_wconf 81' lang='grc' dir='ltr'><strong><em>πυρῇ</em></strong></span> <span class='ocrx_word' id='word_1_261' title='bbox 424 3294 534 3385; x_wconf 81' lang='grc' dir='ltr'><strong><em>ὑπάτη</em></strong></span> <span class='ocrx_word' id='word_1_262' title='bbox 555 3297 669 3384; x_wconf 87' lang='grc' dir='ltr'><strong><em>νεκρὸν</em></strong></span> <span class='ocrx_word' id='word_1_263' title='bbox 691 3297 826 3366; x_wconf 55' lang='grc' dir='ltr'><strong><em>θέσαν·</em></strong></span> <span class='ocrx_word' id='word_1_264' title='bbox 848 3304 899 3386; x_wconf 78' lang='grc' dir='ltr'><strong><em>(Ψ</em></strong></span> <span class='ocrx_word' id='word_1_265' title='bbox 921 3306 1001 3387; x_wconf 85' lang='grc'>165).</span> <span class='ocrx_word' id='word_1_266' title='bbox 1041 3306 1071 3367; x_wconf 81' lang='grc' dir='ltr'><em>Σ</em></span> <span class='ocrx_word' id='word_1_267' title='bbox 1087 3309 1148 3373; x_wconf 82' lang='grc'><strong><em>492</em></strong></span> <span class='ocrx_word' id='word_1_268' title='bbox 1170 3297 1207 3367; x_wconf 75' lang='grc' dir='ltr'><strong><em>ἐκ</em></strong></span> <span class='ocrx_word' id='word_1_269' title='bbox 1230 3293 1341 3366; x_wconf 74' lang='grc' dir='ltr'><strong><em>θαλά·</em></strong></span> 
     </span>
     <span class='ocr_line' id='line_1_29' title="bbox 170 3401 1341 3499; baseline 0.004 -26"><span class='ocrx_word' id='word_1_270' title='bbox 170 3431 256 3490; x_wconf 73' lang='grc' dir='ltr'><strong><em>μωνε</em></strong></span> <span class='ocrx_word' id='word_1_271' title='bbox 278 3402 469 3494; x_wconf 82' lang='grc' dir='ltr'><strong><em>Ζηνόδοτος</em></strong></span> <span class='ocrx_word' id='word_1_272' title='bbox 482 3403 516 3485; x_wconf 76' lang='grc' dir='ltr'><strong><em>ἀς</em></strong></span> <span class='ocrx_word' id='word_1_273' title='bbox 530 3401 718 3490; x_wconf 76' lang='grc' dir='ltr'><strong><em>θαλάμους.</em></strong></span> <span class='ocrx_word' id='word_1_274' title='bbox 739 3409 795 3474; x_wconf 80' lang='grc' dir='ltr'><strong><em>καί</em></strong></span> <span class='ocrx_word' id='word_1_275' title='bbox 808 3403 899 3474; x_wconf 78' lang='grc' dir='ltr'><strong><em>ἔστιν</em></strong></span> <span class='ocrx_word' id='word_1_276' title='bbox 914 3403 978 3476; x_wconf 85' lang='grc' dir='ltr'><strong><em>υάκ</em></strong></span> <span class='ocrx_word' id='word_1_277' title='bbox 993 3401 1166 3487; x_wconf 68' lang='grc' dir='ltr'><strong><em>ἀπίθανος</em></strong></span> <span class='ocrx_word' id='word_1_278' title='bbox 1180 3404 1200 3499; x_wconf 89' lang='grc' dir='ltr'><strong><em>ῆ</em></strong></span> <span class='ocrx_word' id='word_1_279' title='bbox 1220 3404 1341 3498; x_wconf 81' lang='grc' dir='ltr'><strong><em>γραφῆ.</em></strong></span> 
     </span>
     <span class='ocr_line' id='line_1_30' title="bbox 171 3507 1343 3607; baseline 0.003 -28"><span class='ocrx_word' id='word_1_280' title='bbox 171 3523 201 3579; x_wconf 85' lang='grc' dir='ltr'><em>Σ</em></span> <span class='ocrx_word' id='word_1_281' title='bbox 220 3523 279 3584; x_wconf 79' lang='lat'><strong><em>142</em></strong></span> <span class='ocrx_word' id='word_1_282' title='bbox 304 3507 514 3601; x_wconf 79' lang='grc' dir='ltr'><strong><em>ἀγορεύσατ’.·</em></strong></span> <span class='ocrx_word' id='word_1_283' title='bbox 543 3512 636 3600; x_wconf 86' lang='grc' dir='ltr'><strong><em>παρὰ</em></strong></span> <span class='ocrx_word' id='word_1_284' title='bbox 665 3514 839 3603; x_wconf 81' lang='grc' dir='ltr'><strong><em>Ζηνοδότφ</em></strong></span> <span class='ocrx_word' id='word_1_285' title='bbox 863 3510 1052 3602; x_wconf 81' lang='grc' dir='ltr'><strong><em>ἀγορεῦσαι·</em></strong></span> <span class='ocrx_word' id='word_1_286' title='bbox 1079 3515 1136 3584; x_wconf 85' lang='grc' dir='ltr'><strong><em>καὶ</em></strong></span> <span class='ocrx_word' id='word_1_287' title='bbox 1159 3511 1343 3607; x_wconf 79' lang='grc' dir='ltr'><strong><em>ὑποφαίνει</em></strong></span> 
     </span>
     <span class='ocr_line' id='line_1_31' title="bbox 169 3617 1343 3714; baseline 0.004 -27"><span class='ocrx_word' id='word_1_288' title='bbox 169 3623 207 3690; x_wconf 89' lang='grc' dir='ltr'><strong><em>τδ</em></strong></span> <span class='ocrx_word' id='word_1_289' title='bbox 223 3617 406 3711; x_wconf 85' lang='grc' dir='ltr'><strong><em>Ὁμηρικὸν</em></strong></span> <span class='ocrx_word' id='word_1_290' title='bbox 427 3619 517 3701; x_wconf 74' lang='grc' dir='ltr'><strong><em>ἔθος.</em></strong></span> <span class='ocrx_word' id='word_1_291' title='bbox 562 3626 592 3686; x_wconf 80' lang='grc' dir='ltr'><em>Σ</em></span> <span class='ocrx_word' id='word_1_292' title='bbox 611 3630 671 3692; x_wconf 85' lang='grc'><strong><em>565</em></strong></span> <span class='ocrx_word' id='word_1_293' title='bbox 693 3618 745 3688; x_wconf 72' lang='grc' dir='ltr'><strong><em>ἐπ’</em></strong></span> <span class='ocrx_word' id='word_1_294' title='bbox 769 3617 894 3708; x_wconf 74' lang='grc' dir='ltr'><strong><em>αἰτῆνι</em></strong></span> <span class='ocrx_word' id='word_1_295' title='bbox 924 3622 958 3702; x_wconf 74' lang='grc' dir='ltr'><strong><em>ἐς</em></strong></span> <span class='ocrx_word' id='word_1_296' title='bbox 984 3618 1087 3712; x_wconf 86' lang='grc' dir='ltr'><strong><em>αάτῆν</em></strong></span> <span class='ocrx_word' id='word_1_297' title='bbox 1115 3624 1208 3710; x_wconf 85' lang='grc' dir='ltr'><strong><em>παρὰ</em></strong></span> <span class='ocrx_word' id='word_1_298' title='bbox 1237 3631 1343 3714; x_wconf 90' lang='grc' dir='ltr'><strong><em>Ζηνο-</em></strong></span> 
     </span>
     <span class='ocr_line' id='line_1_32' title="bbox 171 3725 1343 3820; baseline 0.002 -24"><span class='ocrx_word' id='word_1_299' title='bbox 171 3728 267 3820; x_wconf 81' lang='grc' dir='ltr'><strong><em>δάτηι·</em></strong></span> <span class='ocrx_word' id='word_1_300' title='bbox 285 3729 344 3797; x_wconf 84' lang='grc' dir='ltr'><strong><em>καὶ</em></strong></span> <span class='ocrx_word' id='word_1_301' title='bbox 362 3726 429 3813; x_wconf 72' lang='grc' dir='ltr'><strong><em>ἔχει</em></strong></span> <span class='ocrx_word' id='word_1_302' title='bbox 448 3729 546 3817; x_wconf 88' lang='grc' dir='ltr'><strong><em>λόγον</em></strong></span> <span class='ocrx_word' id='word_1_303' title='bbox 565 3725 721 3819; x_wconf 82' lang='grc' dir='ltr'><strong><em>ῆγραφῆ.</em></strong></span> <span class='ocrx_word' id='word_1_304' title='bbox 759 3733 879 3799; x_wconf 76' lang='lat' dir='ltr'><strong>Contra</strong></span> <span class='ocrx_word' id='word_1_305' title='bbox 893 3757 921 3802; x_wconf 89' lang='lat' dir='ltr'><strong>e.</strong></span> <span class='ocrx_word' id='word_1_306' title='bbox 935 3756 967 3820; x_wconf 81' lang='lat' dir='ltr'><strong><em>g.</em></strong></span> <span class='ocrx_word' id='word_1_307' title='bbox 983 3734 1015 3798; x_wconf 88' lang='grc' dir='ltr'><em>Ω</em></span> <span class='ocrx_word' id='word_1_308' title='bbox 1029 3740 1070 3802; x_wconf 80' lang='lat'><strong><em>20</em></strong></span> <span class='ocrx_word' id='word_1_309' title='bbox 1090 3726 1211 3818; x_wconf 82' lang='grc' dir='ltr'><strong><em>περίδ</em></strong></span> <span class='ocrx_word' id='word_1_310' title='bbox 1228 3727 1343 3818; x_wconf 80' lang='grc' dir='ltr'><strong><em>αἰγίδα</em></strong></span> 
     </span>
     <span class='ocr_line' id='line_1_33' title="bbox 172 3833 1342 3928; baseline 0.003 -25"><span class='ocrx_word' id='word_1_311' title='bbox 172 3834 279 3904; x_wconf 87' lang='grc' dir='ltr'><strong><em>πάντα</em></strong></span> <span class='ocrx_word' id='word_1_312' title='bbox 293 3833 460 3905; x_wconf 86' lang='grc' dir='ltr'><strong><em>κάλυπτεν</em></strong></span> <span class='ocrx_word' id='word_1_313' title='bbox 472 3834 640 3924; x_wconf 71' lang='grc' dir='ltr'><strong><em>χρυσείηντ</em></strong></span> <span class='ocrx_word' id='word_1_314' title='bbox 660 3835 765 3918; x_wconf 73' lang='grc' dir='ltr'><strong><em>οὕτως</em></strong></span> <span class='ocrx_word' id='word_1_315' title='bbox 780 3833 896 3926; x_wconf 79' lang='grc' dir='ltr'><strong><em>αἰγίδα</em></strong></span> <span class='ocrx_word' id='word_1_316' title='bbox 908 3836 1060 3928; x_wconf 84' lang='grc' dir='ltr'><strong><em>χρυσείην</em></strong></span> <span class='ocrx_word' id='word_1_317' title='bbox 1073 3836 1108 3906; x_wconf 80' lang='grc' dir='ltr'><strong><em>αὶ</em></strong></span> <span class='ocrx_word' id='word_1_318' title='bbox 1119 3834 1342 3925; x_wconf 83' lang='grc' dir='ltr'><strong><em>Ἀριστάρχου,</em></strong></span> 
     </span>
     <span class='ocr_line' id='line_1_34' title="bbox 171 3939 1342 4037; baseline 0.001 -25"><span class='ocrx_word' id='word_1_319' title='bbox 171 3945 246 4033; x_wconf 75' lang='grc' dir='ltr'><strong><em>περὶ</em></strong></span> <span class='ocrx_word' id='word_1_320' title='bbox 261 3943 344 4015; x_wconf 85' lang='grc' dir='ltr'><strong><em>ὅλον</em></strong></span> <span class='ocrx_word' id='word_1_321' title='bbox 356 3939 457 4012; x_wconf 82' lang='grc' dir='ltr'><strong><em>αὐτὸν</em></strong></span> <span class='ocrx_word' id='word_1_322' title='bbox 470 3943 633 4013; x_wconf 74' lang='grc' dir='ltr'><strong><em>ἐκάλυπτε</em></strong></span> <span class='ocrx_word' id='word_1_323' title='bbox 642 3945 706 4033; x_wconf 82' lang='grc' dir='ltr'><strong><em>τῆν</em></strong></span> <span class='ocrx_word' id='word_1_324' title='bbox 713 3951 834 4037; x_wconf 78' lang='grc' dir='ltr'><strong><em>χρυσῆν</em></strong></span> <span class='ocrx_word' id='word_1_325' title='bbox 846 3941 978 4032; x_wconf 90' lang='grc' dir='ltr'><strong><em>αἰγίδα·</em></strong></span> <span class='ocrx_word' id='word_1_326' title='bbox 992 3945 1050 4013; x_wconf 78' lang='grc' dir='ltr'><strong><em>καὶ</em></strong></span> <span class='ocrx_word' id='word_1_327' title='bbox 1061 3943 1193 4032; x_wconf 85' lang='grc' dir='ltr'><strong><em>μήποτε</em></strong></span> <span class='ocrx_word' id='word_1_328' title='bbox 1203 3943 1342 4033; x_wconf 67' lang='grc' dir='ltr'><strong><em>Ὅμηρε</em></strong></span> 
     </span>
     <span class='ocr_line' id='line_1_35' title="bbox 171 4048 1344 4144; baseline 0.003 -25"><span class='ocrx_word' id='word_1_329' title='bbox 171 4050 324 4140; x_wconf 78' lang='grc' dir='ltr'><strong><em>κότερον·</em></strong></span> <span class='ocrx_word' id='word_1_330' title='bbox 346 4048 465 4133; x_wconf 84' lang='grc' dir='ltr'><strong><em>,,τοῖόν</em></strong></span> <span class='ocrx_word' id='word_1_331' title='bbox 478 4077 532 4122; x_wconf 93' lang='grc' dir='ltr'><strong><em>τοι</em></strong></span> <span class='ocrx_word' id='word_1_332' title='bbox 551 4051 615 4140; x_wconf 76' lang='grc' dir='ltr'><strong><em>ἐγὼ</em></strong></span> <span class='ocrx_word' id='word_1_333' title='bbox 638 4052 743 4139; x_wconf 82' lang='grc' dir='ltr'><strong><em>νέφος</em></strong></span> <span class='ocrx_word' id='word_1_334' title='bbox 763 4048 999 4144; x_wconf 77' lang='grc' dir='ltr'><strong><em>ἀμφικαλύψω</em></strong></span> <span class='ocrx_word' id='word_1_335' title='bbox 1012 4049 1176 4137; x_wconf 83' lang='grc' dir='ltr'><strong><em>χράσεον“</em></strong></span> <span class='ocrx_word' id='word_1_336' title='bbox 1198 4054 1244 4141; x_wconf 82' lang='grc' dir='ltr'><strong><em>(Ξ</em></strong></span> <span class='ocrx_word' id='word_1_337' title='bbox 1262 4060 1344 4141; x_wconf 86' lang='grc'><strong><em>343).</em></strong></span> 
     </span>
     <span class='ocr_line' id='line_1_36' title="bbox 171 4163 1344 4231; baseline 0 -2"><span class='ocrx_word' id='word_1_338' title='bbox 171 4163 254 4230; x_wconf 86' lang='lat' dir='ltr'><strong>Sunt</strong></span> <span class='ocrx_word' id='word_1_339' title='bbox 273 4164 355 4230; x_wconf 85' lang='lat' dir='ltr'><strong>haec</strong></span> <span class='ocrx_word' id='word_1_340' title='bbox 376 4168 410 4230; x_wconf 90' lang='lat' dir='ltr'><strong><em>et</em></strong></span> <span class='ocrx_word' id='word_1_341' title='bbox 431 4165 546 4230; x_wconf 85' lang='lat' dir='ltr'><strong>similia</strong></span> <span class='ocrx_word' id='word_1_342' title='bbox 566 4164 684 4229; x_wconf 87' lang='lat' dir='ltr'><strong>iudicia</strong></span> <span class='ocrx_word' id='word_1_343' title='bbox 704 4163 828 4228; x_wconf 86' lang='lat' dir='ltr'><strong>brevia:</strong></span> <span class='ocrx_word' id='word_1_344' title='bbox 850 4165 971 4228; x_wconf 87' lang='lat' dir='ltr'><strong>etenim</strong></span> <span class='ocrx_word' id='word_1_345' title='bbox 986 4165 1130 4230; x_wconf 89' lang='lat' dir='ltr'><strong>habebat</strong></span> <span class='ocrx_word' id='word_1_346' title='bbox 1150 4164 1275 4231; x_wconf 89' lang='lat' dir='ltr'><strong>adhoc</strong></span> <span class='ocrx_word' id='word_1_347' title='bbox 1296 4165 1344 4230; x_wconf 89' lang='lat' dir='ltr'><strong><em>la-</em></strong></span> 
     </span>
     <span class='ocr_line' id='line_1_37' title="bbox 171 4271 1343 4355; baseline 0 -18"><span class='ocrx_word' id='word_1_348' title='bbox 171 4272 286 4338; x_wconf 79' lang='lat' dir='ltr'><strong>tionem</strong></span> <span class='ocrx_word' id='word_1_349' title='bbox 307 4293 473 4355; x_wconf 89' lang='lat' dir='ltr'><strong>campum,</strong></span> <span class='ocrx_word' id='word_1_350' title='bbox 502 4294 543 4337; x_wconf 83' lang='lat' dir='ltr'><strong>se</strong></span> <span class='ocrx_word' id='word_1_351' title='bbox 575 4271 822 4337; x_wconf 74' lang='lat' dir='ltr'><strong>commentarios</strong></span> <span class='ocrx_word' id='word_1_352' title='bbox 850 4292 927 4336; x_wconf 87' lang='lat' dir='ltr'><strong>snos</strong></span> <span class='ocrx_word' id='word_1_353' title='bbox 948 4272 981 4336; x_wconf 91' lang='lat' dir='ltr'><strong><em>in</em></strong></span> <span class='ocrx_word' id='word_1_354' title='bbox 1003 4271 1195 4337; x_wconf 88' lang='lat' dir='ltr'><strong>Homerum:</strong></span> <span class='ocrx_word' id='word_1_355' title='bbox 1225 4272 1260 4336; x_wconf 91' lang='lat' dir='ltr'><strong><em>in</em></strong></span> <span class='ocrx_word' id='word_1_356' title='bbox 1281 4272 1343 4338; x_wconf 91' lang='lat' dir='ltr'><strong><em>hoc</em></strong></span> 
     </span>
     <span class='ocr_line' id='line_1_38' title="bbox 170 4377 1342 4464; baseline 0.004 -22"><span class='ocrx_word' id='word_1_357' title='bbox 170 4400 244 4445; x_wconf 84' lang='lat' dir='ltr'><strong>vero</strong></span> <span class='ocrx_word' id='word_1_358' title='bbox 265 4377 350 4444; x_wconf 89' lang='lat' dir='ltr'><strong>libro</strong></span> <span class='ocrx_word' id='word_1_359' title='bbox 371 4378 451 4445; x_wconf 87' lang='lat' dir='ltr'><strong>haec</strong></span> <span class='ocrx_word' id='word_1_360' title='bbox 472 4379 623 4445; x_wconf 91' lang='lat' dir='ltr'><strong>ultimum</strong></span> <span class='ocrx_word' id='word_1_361' title='bbox 643 4378 752 4444; x_wconf 91' lang='lat' dir='ltr'><strong>locum</strong></span> <span class='ocrx_word' id='word_1_362' title='bbox 772 4377 950 4459; x_wconf 83' lang='lat' dir='ltr'><strong>habebant,</strong></span> <span class='ocrx_word' id='word_1_363' title='bbox 972 4378 1149 4445; x_wconf 88' lang='lat' dir='ltr'><strong>lectionum</strong></span> <span class='ocrx_word' id='word_1_364' title='bbox 1169 4383 1342 4464; x_wconf 80' lang='lat' dir='ltr'><strong>apparatus</strong></span> 
     </span>
    </p>
   </div>
   <div class='ocr_carea' id='block_1_3' title="bbox 0 0 1726 4934">
    <p class='ocr_par' dir='ltr' id='par_1_3' title="bbox 0 0 1726 4934">
     <span class='ocr_line' id='line_1_39' title="bbox 0 0 1726 4934; baseline 0 0"><span class='ocrx_word' id='word_1_365' title='bbox 0 0 1726 4934; x_wconf 95' lang='lat' dir='ltr'><strong><em> </em></strong></span> 
     </span>
    </p>
   </div>
  </div>
 </body>
</html>
