<?xml version="1.0" encoding="UTF-8"?>
<!DOCTYPE html PUBLIC "-//W3C//DTD XHTML 1.0 Transitional//EN"
    "http://www.w3.org/TR/xhtml1/DTD/xhtml1-transitional.dtd">
<html xmlns="http://www.w3.org/1999/xhtml" xml:lang="en" lang="en">
 <head>
  <title>
</title>
<meta http-equiv="Content-Type" content="text/html;charset=utf-8" />
  <meta name='ocr-system' content='tesseract 3.04.00' />
  <meta name='ocr-capabilities' content='ocr_page ocr_carea ocr_par ocr_line ocrx_word'/>
</head>
<body>
  <div class='ocr_page' id='page_1' title='image "./dearistarchistu00ludwgoog/dearistarchistu00ludwgoog_0155.png"; bbox 0 0 3425 4934; ppageno 0'>
   <div class='ocr_carea' id='block_1_1' title="bbox 507 319 1353 404">
    <p class='ocr_par' dir='ltr' id='par_1_1' title="bbox 507 319 1353 404">
     <span class='ocr_line' id='line_1_1' title="bbox 507 319 1353 404; baseline 0.018 -24"><span class='ocrx_word' id='word_1_1' title='bbox 507 330 530 382; x_wconf 83' lang='lat'><em>3.</em></span> <span class='ocrx_word' id='word_1_2' title='bbox 552 319 639 381; x_wconf 83' lang='grc' dir='ltr'><em>ἔνδον</em></span> <span class='ocrx_word' id='word_1_3' title='bbox 656 329 685 381; x_wconf 89' lang='lat' dir='ltr'><strong>et</strong></span> <span class='ocrx_word' id='word_1_4' title='bbox 703 322 782 390; x_wconf 80' lang='grc' dir='ltr'><em>εἴσω,</em></span> <span class='ocrx_word' id='word_1_5' title='bbox 800 330 878 383; x_wconf 70' lang='grc' dir='ltr'><em>κεῖθι</em></span> <span class='ocrx_word' id='word_1_6' title='bbox 894 331 925 383; x_wconf 88' lang='lat' dir='ltr'><strong>et</strong></span> <span class='ocrx_word' id='word_1_7' title='bbox 940 335 1030 386; x_wconf 81' lang='grc' dir='ltr'><em>κεῖσε.</em></span> <span class='ocrx_word' id='word_1_8' title='bbox 1295 340 1353 404; x_wconf 85' lang='grc'><em>135</em></span> 
     </span>
    </p>
   </div>
   <div class='ocr_carea' id='block_1_2' title="bbox 182 492 1441 4027">
    <p class='ocr_par' dir='ltr' id='par_1_2' title="bbox 182 492 1353 668">
     <span class='ocr_line' id='line_1_2' title="bbox 182 492 1353 585; baseline 0.009 -27"><span class='ocrx_word' id='word_1_9' title='bbox 182 493 275 558; x_wconf 84' lang='lat' dir='ltr'><strong>Unde</strong></span> <span class='ocrx_word' id='word_1_10' title='bbox 290 493 386 558; x_wconf 86' lang='lat' dir='ltr'><strong>simul</strong></span> <span class='ocrx_word' id='word_1_11' title='bbox 398 492 611 560; x_wconf 81' lang='lat' dir='ltr'><strong>intolerabilia</strong></span> <span class='ocrx_word' id='word_1_12' title='bbox 627 493 784 561; x_wconf 78' lang='lat' dir='ltr'><strong>Zenodoti</strong></span> <span class='ocrx_word' id='word_1_13' title='bbox 799 517 887 563; x_wconf 87' lang='lat' dir='ltr'><strong>error</strong></span> <span class='ocrx_word' id='word_1_14' title='bbox 901 497 1080 581; x_wconf 82' lang='lat' dir='ltr'><strong>patefactus</strong></span> <span class='ocrx_word' id='word_1_15' title='bbox 1097 521 1235 585; x_wconf 86' lang='lat' dir='ltr'><strong>veraque</strong></span> <span class='ocrx_word' id='word_1_16' title='bbox 1256 502 1353 568; x_wconf 90' lang='lat' dir='ltr'><strong>lectio</strong></span> 
     </span>
     <span class='ocr_line' id='line_1_3' title="bbox 182 600 451 668; baseline 0.015 -3"><span class='ocrx_word' id='word_1_17' title='bbox 182 600 315 666; x_wconf 86' lang='lat' dir='ltr'><strong>inducta</strong></span> <span class='ocrx_word' id='word_1_18' title='bbox 335 603 374 662; x_wconf 86' lang='lat' dir='ltr'><strong><em>H</em></strong></span> <span class='ocrx_word' id='word_1_19' title='bbox 391 607 451 668; x_wconf 83' lang='lat'><em>515</em></span> 
     </span>
    </p>

    <p class='ocr_par' dir='ltr' id='par_1_3' title="bbox 266 700 1094 799">
     <span class='ocr_line' id='line_1_4' title="bbox 266 700 1094 799; baseline 0.005 -26"><span class='ocrx_word' id='word_1_20' title='bbox 266 705 381 787; x_wconf 73' lang='grc' dir='ltr'><em>κλῦθι,</em></span> <span class='ocrx_word' id='word_1_21' title='bbox 405 700 498 788; x_wconf 86' lang='grc' dir='ltr'><em>ἀναξ,</em></span> <span class='ocrx_word' id='word_1_22' title='bbox 523 704 561 786; x_wconf 83' lang='grc' dir='ltr'><em>ὅς</em></span> <span class='ocrx_word' id='word_1_23' title='bbox 581 730 649 773; x_wconf 88' lang='grc' dir='ltr'><em>που</em></span> <span class='ocrx_word' id='word_1_24' title='bbox 669 702 802 796; x_wconf 80' lang='grc' dir='ltr'><strong><em>Λυκίης</em></strong></span> <span class='ocrx_word' id='word_1_25' title='bbox 822 706 858 775; x_wconf 81' lang='grc' dir='ltr'><em>ἐν</em></span> <span class='ocrx_word' id='word_1_26' title='bbox 879 705 974 778; x_wconf 82' lang='grc' dir='ltr'><strong><em>πίονι</em></strong></span> <span class='ocrx_word' id='word_1_27' title='bbox 997 707 1094 799; x_wconf 82' lang='grc' dir='ltr'><em>δήμῳ</em></span> 
     </span>
    </p>

    <p class='ocr_par' dir='ltr' id='par_1_4' title="bbox 265 807 1168 906">
     <span class='ocr_line' id='line_1_5' title="bbox 265 807 1168 906; baseline 0.006 -26"><span class='ocrx_word' id='word_1_28' title='bbox 265 807 357 900; x_wconf 77' lang='grc' dir='ltr'><em>εέςή</em></span> <span class='ocrx_word' id='word_1_29' title='bbox 380 810 428 881; x_wconf 83' lang='grc' dir='ltr'><em>ἔνί</em></span> <span class='ocrx_word' id='word_1_30' title='bbox 451 811 567 906; x_wconf 85' lang='grc' dir='ltr'><em>Τροίη·</em></span> <span class='ocrx_word' id='word_1_31' title='bbox 591 809 731 881; x_wconf 88' lang='grc' dir='ltr'><em>δύνασαι</em></span> <span class='ocrx_word' id='word_1_32' title='bbox 752 812 789 882; x_wconf 83' lang='grc' dir='ltr'><em>δέ</em></span> <span class='ocrx_word' id='word_1_33' title='bbox 810 814 849 883; x_wconf 80' lang='grc' dir='ltr'><em>σί·</em></span> <span class='ocrx_word' id='word_1_34' title='bbox 870 811 1008 886; x_wconf 79' lang='grc' dir='ltr'><em>πάντοά</em></span> <span class='ocrx_word' id='word_1_35' title='bbox 1032 812 1168 887; x_wconf 79' lang='grc' dir='ltr'><em>ἀκούειν</em></span> 
     </span>
    </p>

    <p class='ocr_par' dir='ltr' id='par_1_5' title="bbox 182 916 1356 1963">
     <span class='ocr_line' id='line_1_6' title="bbox 265 916 1057 1013; baseline 0.005 -24"><span class='ocrx_word' id='word_1_36' title='bbox 265 916 357 1007; x_wconf 90' lang='grc' dir='ltr'><em>ἀνέρι</em></span> <span class='ocrx_word' id='word_1_37' title='bbox 379 918 563 1013; x_wconf 78' lang='grc' dir='ltr'><em>κηδομένῳ,</em></span> <span class='ocrx_word' id='word_1_38' title='bbox 587 917 632 1002; x_wconf 82' lang='grc' dir='ltr'><em>ὡς</em></span> <span class='ocrx_word' id='word_1_39' title='bbox 653 926 710 989; x_wconf 78' lang='grc' dir='ltr'><em>νῦν</em></span> <span class='ocrx_word' id='word_1_40' title='bbox 731 919 790 1006; x_wconf 75' lang='grc' dir='ltr'><em>ἐμὲ</em></span> <span class='ocrx_word' id='word_1_41' title='bbox 808 924 911 1013; x_wconf 74' lang='grc' dir='ltr'><em>κη’δος</em></span> <span class='ocrx_word' id='word_1_42' title='bbox 932 918 1057 993; x_wconf 61' lang='grc' dir='ltr'><em>ἱκάνεις</em></span> 
     </span>
     <span class='ocr_line' id='line_1_7' title="bbox 182 1025 1354 1121; baseline 0.004 -23"><span class='ocrx_word' id='word_1_43' title='bbox 182 1027 203 1118; x_wconf 86' lang='grc' dir='ltr'><em>ή</em></span> <span class='ocrx_word' id='word_1_44' title='bbox 229 1031 336 1118; x_wconf 87' lang='grc' dir='ltr'><em>διπλή</em></span> <span class='ocrx_word' id='word_1_45' title='bbox 356 1028 410 1098; x_wconf 82' lang='grc' dir='ltr'><em>δτι</em></span> <span class='ocrx_word' id='word_1_46' title='bbox 431 1026 535 1110; x_wconf 72' lang='grc' dir='ltr'><em>οὕτως</em></span> <span class='ocrx_word' id='word_1_47' title='bbox 563 1026 668 1098; x_wconf 73' lang='grc' dir='ltr'><em>εἴωθε</em></span> <span class='ocrx_word' id='word_1_48' title='bbox 698 1028 806 1119; x_wconf 74' lang='grc' dir='ltr'><em>λέγειν</em></span> <span class='ocrx_word' id='word_1_49' title='bbox 832 1025 979 1100; x_wconf 88' lang='grc' dir='ltr'><em>πάντοσε</em></span> <span class='ocrx_word' id='word_1_50' title='bbox 1004 1027 1155 1121; x_wconf 90' lang='grc' dir='ltr'><em>ἀκούειν,</em></span> <span class='ocrx_word' id='word_1_51' title='bbox 1176 1029 1225 1116; x_wconf 85' lang='grc' dir='ltr'><em>εἰς</em></span> <span class='ocrx_word' id='word_1_52' title='bbox 1245 1032 1354 1103; x_wconf 86' lang='grc' dir='ltr'><em>πάντα</em></span> 
     </span>
     <span class='ocr_line' id='line_1_8' title="bbox 182 1132 1355 1233; baseline 0.002 -28"><span class='ocrx_word' id='word_1_53' title='bbox 182 1133 289 1208; x_wconf 88' lang='grc' dir='ltr'><em>τόπον</em></span> <span class='ocrx_word' id='word_1_54' title='bbox 320 1132 468 1226; x_wconf 81' lang='grc' dir='ltr'><em>ἀκούειν,</em></span> <span class='ocrx_word' id='word_1_55' title='bbox 503 1136 561 1206; x_wconf 80' lang='grc' dir='ltr'><em>ἐπί</em></span> <span class='ocrx_word' id='word_1_56' title='bbox 588 1143 655 1205; x_wconf 82' lang='grc' dir='ltr'><em>τῶν</em></span> <span class='ocrx_word' id='word_1_57' title='bbox 684 1137 721 1207; x_wconf 82' lang='grc' dir='ltr'><em>ἐκ</em></span> <span class='ocrx_word' id='word_1_58' title='bbox 746 1139 852 1208; x_wconf 87' lang='grc' dir='ltr'><em>τόπου</em></span> <span class='ocrx_word' id='word_1_59' title='bbox 883 1135 931 1220; x_wconf 87' lang='grc' dir='ltr'><em>είς</em></span> <span class='ocrx_word' id='word_1_60' title='bbox 954 1136 1060 1209; x_wconf 89' lang='grc' dir='ltr'><em>τόπον</em></span> <span class='ocrx_word' id='word_1_61' title='bbox 1086 1137 1355 1233; x_wconf 82' lang='grc' dir='ltr'><em>ἀφικνουμένων·</em></span> 
     </span>
     <span class='ocr_line' id='line_1_9' title="bbox 183 1240 1353 1339; baseline 0.005 -26"><span class='ocrx_word' id='word_1_62' title='bbox 183 1240 352 1334; x_wconf 69' lang='grc' dir='ltr'><em>υπεύθετο</em></span> <span class='ocrx_word' id='word_1_63' title='bbox 382 1244 444 1332; x_wconf 76' lang='grc' dir='ltr'><em>γὰρ</em></span> <span class='ocrx_word' id='word_1_64' title='bbox 471 1242 650 1331; x_wconf 86' lang='grc' dir='ltr'><em>Κύπρονδε</em></span> <span class='ocrx_word' id='word_1_65' title='bbox 676 1244 763 1334; x_wconf 76' lang='grc' dir='ltr'><em>μέγα</em></span> <span class='ocrx_word' id='word_1_66' title='bbox 791 1247 931 1336; x_wconf 59' lang='lat' dir='ltr'><strong>aurose,</strong></span> <span class='ocrx_word' id='word_1_67' title='bbox 964 1245 1013 1330; x_wconf 87' lang='grc' dir='ltr'><em>είς</em></span> <span class='ocrx_word' id='word_1_68' title='bbox 1040 1245 1177 1337; x_wconf 77' lang='grc' dir='ltr'><em>Κύπρον</em></span> <span class='ocrx_word' id='word_1_69' title='bbox 1202 1245 1353 1339; x_wconf 87' lang='grc' dir='ltr'><em>ήκούετο.</em></span> 
     </span>
     <span class='ocr_line' id='line_1_10' title="bbox 184 1345 1355 1447; baseline 0.003 -26"><span class='ocrx_word' id='word_1_70' title='bbox 184 1354 239 1422; x_wconf 87' lang='grc' dir='ltr'><em>διὸ</em></span> <span class='ocrx_word' id='word_1_71' title='bbox 261 1353 318 1421; x_wconf 87' lang='grc' dir='ltr'><em>καὶ</em></span> <span class='ocrx_word' id='word_1_72' title='bbox 337 1358 395 1421; x_wconf 79' lang='grc' dir='ltr'><em>νῦν</em></span> <span class='ocrx_word' id='word_1_73' title='bbox 413 1352 498 1421; x_wconf 84' lang='grc' dir='ltr'><em>κατὰ</em></span> <span class='ocrx_word' id='word_1_74' title='bbox 516 1354 725 1446; x_wconf 80' lang='grc' dir='ltr'><em>συναλοιφὴν</em></span> <span class='ocrx_word' id='word_1_75' title='bbox 745 1349 936 1441; x_wconf 83' lang='grc' dir='ltr'><em>ἀκουστέον,</em></span> <span class='ocrx_word' id='word_1_76' title='bbox 957 1351 996 1422; x_wconf 80' lang='grc' dir='ltr'><em>ἵν’</em></span> <span class='ocrx_word' id='word_1_77' title='bbox 1021 1349 1042 1447; x_wconf 75' lang='grc' dir='ltr'><em>ᾖ</em></span> <span class='ocrx_word' id='word_1_78' title='bbox 1062 1357 1100 1425; x_wconf 89' lang='grc' dir='ltr'><em>τὸ</em></span> <span class='ocrx_word' id='word_1_79' title='bbox 1122 1360 1249 1447; x_wconf 79' lang='grc' dir='ltr'><em>πλῆρες</em></span> <span class='ocrx_word' id='word_1_80' title='bbox 1269 1345 1355 1426; x_wconf 80' lang='grc' dir='ltr'><em>πάν·</em></span> 
     </span>
     <span class='ocr_line' id='line_1_11' title="bbox 183 1455 1356 1554; baseline 0.004 -25"><span class='ocrx_word' id='word_1_81' title='bbox 183 1485 259 1529; x_wconf 89' lang='grc' dir='ltr'><em>τοσε</em></span> <span class='ocrx_word' id='word_1_82' title='bbox 289 1455 433 1530; x_wconf 84' lang='grc' dir='ltr'><em>ἀκούειν.</em></span> <span class='ocrx_word' id='word_1_83' title='bbox 476 1464 626 1532; x_wconf 86' lang='lat' dir='ltr'><strong>Alterum</strong></span> <span class='ocrx_word' id='word_1_84' title='bbox 652 1465 752 1533; x_wconf 70' lang='lat' dir='ltr'><strong>schot</strong></span> <span class='ocrx_word' id='word_1_85' title='bbox 773 1458 988 1550; x_wconf 81' lang='grc' dir='ltr'><em>Ἀρίσταρχος</em></span> <span class='ocrx_word' id='word_1_86' title='bbox 1017 1464 1055 1532; x_wconf 91' lang='grc' dir='ltr'><em>τδ</em></span> <span class='ocrx_word' id='word_1_87' title='bbox 1088 1466 1214 1554; x_wconf 80' lang='grc' dir='ltr'><em>πλῆρες</em></span> <span class='ocrx_word' id='word_1_88' title='bbox 1239 1461 1356 1534; x_wconf 91' lang='grc' dir='ltr'><em>ἀκούει</em></span> 
     </span>
     <span class='ocr_line' id='line_1_12' title="bbox 184 1563 1356 1658; baseline 0.006 -23"><span class='ocrx_word' id='word_1_89' title='bbox 184 1565 339 1640; x_wconf 77' lang='grc' dir='ltr'><em>πάντοσε.</em></span> <span class='ocrx_word' id='word_1_90' title='bbox 382 1563 572 1658; x_wconf 76' lang='grc' dir='ltr'><em>Ζηνόδοτος</em></span> <span class='ocrx_word' id='word_1_91' title='bbox 601 1565 750 1651; x_wconf 59' lang='grc' dir='ltr'><em>»πάντες</em></span> <span class='ocrx_word' id='word_1_92' title='bbox 781 1565 937 1638; x_wconf 53' lang='grc' dir='ltr'><em>ἀκούεινέί</em></span> <span class='ocrx_word' id='word_1_93' title='bbox 963 1571 1021 1638; x_wconf 87' lang='grc' dir='ltr'><em>διὰ</em></span> <span class='ocrx_word' id='word_1_94' title='bbox 1051 1578 1112 1641; x_wconf 83' lang='grc' dir='ltr'><em>τοῦ</em></span> <span class='ocrx_word' id='word_1_95' title='bbox 1142 1598 1167 1639; x_wconf 88' lang='grc' dir='ltr'><em>ε.</em></span> <span class='ocrx_word' id='word_1_96' title='bbox 1219 1575 1356 1642; x_wconf 86' lang='lat' dir='ltr'><strong>Videtur</strong></span> 
     </span>
     <span class='ocr_line' id='line_1_13' title="bbox 184 1671 1356 1769; baseline 0.003 -24"><span class='ocrx_word' id='word_1_97' title='bbox 184 1680 387 1746; x_wconf 86' lang='lat' dir='ltr'><strong>scribendum</strong></span> <span class='ocrx_word' id='word_1_98' title='bbox 416 1671 542 1757; x_wconf 88' lang='grc' dir='ltr'><em>παντός</em></span> <span class='ocrx_word' id='word_1_99' title='bbox 570 1684 603 1746; x_wconf 88' lang='lat' dir='ltr'><strong>et</strong></span> <span class='ocrx_word' id='word_1_100' title='bbox 636 1677 695 1745; x_wconf 86' lang='grc' dir='ltr'><em>διὰ</em></span> <span class='ocrx_word' id='word_1_101' title='bbox 722 1683 782 1744; x_wconf 82' lang='grc' dir='ltr'><em>τοῦ</em></span> <span class='ocrx_word' id='word_1_102' title='bbox 810 1698 854 1757; x_wconf 88' lang='grc' dir='ltr'><em>ος.</em></span> <span class='ocrx_word' id='word_1_103' title='bbox 906 1680 1109 1769; x_wconf 77' lang='lat' dir='ltr'><strong>Quamquam</strong></span> <span class='ocrx_word' id='word_1_104' title='bbox 1135 1682 1280 1749; x_wconf 79' lang='lat' dir='ltr'><strong>Valsenii</strong></span> <span class='ocrx_word' id='word_1_105' title='bbox 1307 1684 1356 1769; x_wconf 88' lang='lat' dir='ltr'><strong>(et</strong></span> 
     </span>
     <span class='ocr_line' id='line_1_14' title="bbox 184 1786 1355 1874; baseline 0.003 -22"><span class='ocrx_word' id='word_1_106' title='bbox 184 1788 237 1853; x_wconf 93' lang='lat' dir='ltr'><em>W.</em></span> <span class='ocrx_word' id='word_1_107' title='bbox 259 1787 429 1855; x_wconf 86' lang='lat' dir='ltr'><strong>Ribbeckii</strong></span> <span class='ocrx_word' id='word_1_108' title='bbox 443 1786 562 1855; x_wconf 89' lang='lat' dir='ltr'><strong>Philol.</strong></span> <span class='ocrx_word' id='word_1_109' title='bbox 583 1786 663 1855; x_wconf 91' lang='lat' dir='ltr'>VIII</span> <span class='ocrx_word' id='word_1_110' title='bbox 683 1813 713 1874; x_wconf 90' lang='lat' dir='ltr'><em>p.</em></span> <span class='ocrx_word' id='word_1_111' title='bbox 728 1788 805 1874; x_wconf 80' lang='lat'>712&gt;</span> <span class='ocrx_word' id='word_1_112' title='bbox 827 1789 1012 1855; x_wconf 88' lang='lat' dir='ltr'><strong>coniectura</strong></span> <span class='ocrx_word' id='word_1_113' title='bbox 1033 1795 1091 1870; x_wconf 87' lang='lat' dir='ltr'><strong>est,</strong></span> <span class='ocrx_word' id='word_1_114' title='bbox 1113 1789 1271 1857; x_wconf 81' lang='lat' dir='ltr'><strong>Zenodoti</strong></span> <span class='ocrx_word' id='word_1_115' title='bbox 1291 1791 1355 1856; x_wconf 91' lang='lat' dir='ltr'><strong>Iec-</strong></span> 
     </span>
     <span class='ocr_line' id='line_1_15' title="bbox 185 1887 750 1963; baseline -0.004 0"><span class='ocrx_word' id='word_1_116' title='bbox 185 1897 308 1963; x_wconf 87' lang='lat' dir='ltr'><strong>tionem</strong></span> <span class='ocrx_word' id='word_1_117' title='bbox 328 1896 427 1962; x_wconf 72' lang='lat' dir='ltr'><strong>filinae</strong></span> <span class='ocrx_word' id='word_1_118' title='bbox 448 1887 544 1960; x_wconf 55' lang='grc' dir='ltr'><em>πάντ)</em></span> <span class='ocrx_word' id='word_1_119' title='bbox 568 1889 750 1961; x_wconf 74' lang='grc' dir='ltr'><em>ἐσακούειν.</em></span> 
     </span>
    </p>

    <p class='ocr_par' dir='ltr' id='par_1_6' title="bbox 184 2004 1441 4027">
     <span class='ocr_line' id='line_1_16' title="bbox 266 2004 1356 2090; baseline 0 -21"><span class='ocrx_word' id='word_1_120' title='bbox 266 2006 392 2070; x_wconf 88' lang='lat' dir='ltr'><strong>Mature</strong></span> <span class='ocrx_word' id='word_1_121' title='bbox 407 2005 486 2071; x_wconf 89' lang='lat' dir='ltr'><strong>haec</strong></span> <span class='ocrx_word' id='word_1_122' title='bbox 503 2004 726 2071; x_wconf 80' lang='lat' dir='ltr'><strong>adverbiorum</strong></span> <span class='ocrx_word' id='word_1_123' title='bbox 747 2004 894 2070; x_wconf 86' lang='lat' dir='ltr'><strong>confusio</strong></span> <span class='ocrx_word' id='word_1_124' title='bbox 916 2006 1061 2090; x_wconf 75' lang='lat' dir='ltr'><strong>grassata</strong></span> <span class='ocrx_word' id='word_1_125' title='bbox 1083 2009 1116 2070; x_wconf 87' lang='lat' dir='ltr'><strong>et</strong></span> <span class='ocrx_word' id='word_1_126' title='bbox 1136 2004 1222 2090; x_wconf 90' lang='lat' dir='ltr'><strong>apud</strong></span> <span class='ocrx_word' id='word_1_127' title='bbox 1245 2026 1356 2071; x_wconf 90' lang='lat' dir='ltr'><strong>recen·</strong></span> 
     </span>
     <span class='ocr_line' id='line_1_17' title="bbox 185 2111 1421 2198; baseline 0.001 -20"><span class='ocrx_word' id='word_1_128' title='bbox 185 2114 283 2179; x_wconf 83' lang='lat' dir='ltr'><strong>tiores</strong></span> <span class='ocrx_word' id='word_1_129' title='bbox 298 2112 414 2197; x_wconf 80' lang='lat' dir='ltr'><strong>epicos,</strong></span> <span class='ocrx_word' id='word_1_130' title='bbox 436 2111 631 2198; x_wconf 76' lang='lat' dir='ltr'><strong>elegantiam</strong></span> <span class='ocrx_word' id='word_1_131' title='bbox 650 2111 727 2178; x_wconf 87' lang='lat' dir='ltr'><strong>hino</strong></span> <span class='ocrx_word' id='word_1_132' title='bbox 740 2116 777 2178; x_wconf 84' lang='lat' dir='ltr'><em>ut</em></span> <span class='ocrx_word' id='word_1_133' title='bbox 791 2111 918 2177; x_wconf 88' lang='lat' dir='ltr'><strong>videtur</strong></span> <span class='ocrx_word' id='word_1_134' title='bbox 932 2116 1131 2196; x_wconf 82' lang='lat' dir='ltr'><strong>quaerentes,</strong></span> <span class='ocrx_word' id='word_1_135' title='bbox 1150 2113 1353 2198; x_wconf 82' lang='lat' dir='ltr'><strong>pervulgata:</strong></span> <span class='ocrx_word' id='word_1_136' title='bbox 1373 2120 1421 2172; x_wconf 76' lang='lat' dir='ltr'><strong>lca</strong></span> 
     </span>
     <span class='ocr_line' id='line_1_18' title="bbox 184 2211 1356 2307; baseline -0.001 -20"><span class='ocrx_word' id='word_1_137' title='bbox 184 2222 292 2307; x_wconf 83' lang='lat' dir='ltr'><strong>hymn.</strong></span> <span class='ocrx_word' id='word_1_138' title='bbox 319 2220 415 2285; x_wconf 87' lang='lat' dir='ltr'><strong>Mero.</strong></span> <span class='ocrx_word' id='word_1_139' title='bbox 438 2226 458 2288; x_wconf 85' lang='grc'><strong>6</strong></span> <span class='ocrx_word' id='word_1_140' title='bbox 485 2211 603 2302; x_wconf 88' lang='grc' dir='ltr'><em>ἀντρσν</em></span> <span class='ocrx_word' id='word_1_141' title='bbox 629 2212 694 2284; x_wconf 85' lang='grc' dir='ltr'><em>ἔσω</em></span> <span class='ocrx_word' id='word_1_142' title='bbox 724 2211 872 2283; x_wconf 90' lang='grc' dir='ltr'><em>ναίουσα.</em></span> <span class='ocrx_word' id='word_1_143' title='bbox 916 2218 988 2296; x_wconf 86' lang='lat' dir='ltr'><em>Quo</em></span> <span class='ocrx_word' id='word_1_144' title='bbox 1013 2219 1086 2285; x_wconf 89' lang='lat' dir='ltr'><strong>loco</strong></span> <span class='ocrx_word' id='word_1_145' title='bbox 1114 2221 1154 2286; x_wconf 92' lang='lat' dir='ltr'><strong>de</strong></span> <span class='ocrx_word' id='word_1_146' title='bbox 1181 2219 1356 2286; x_wconf 91' lang='lat' dir='ltr'><strong>Homerico</strong></span> 
     </span>
     <span class='ocr_line' id='line_1_19' title="bbox 185 2322 1356 2413; baseline 0.001 -21"><span class='ocrx_word' id='word_1_147' title='bbox 185 2322 264 2393; x_wconf 82' lang='grc' dir='ltr'><em>εἴσω</em></span> <span class='ocrx_word' id='word_1_148' title='bbox 292 2328 408 2394; x_wconf 86' lang='lat' dir='ltr'><strong>erravit</strong></span> <span class='ocrx_word' id='word_1_149' title='bbox 438 2325 583 2413; x_wconf 81' lang='lat' dir='ltr'><strong>Ilgcnius</strong></span> <span class='ocrx_word' id='word_1_150' title='bbox 613 2350 674 2393; x_wconf 88' lang='lat' dir='ltr'><strong>nac</strong></span> <span class='ocrx_word' id='word_1_151' title='bbox 705 2327 801 2394; x_wconf 89' lang='lat' dir='ltr'><strong>fidem</strong></span> <span class='ocrx_word' id='word_1_152' title='bbox 827 2326 958 2405; x_wconf 86' lang='lat' dir='ltr'><strong>meruit,</strong></span> <span class='ocrx_word' id='word_1_153' title='bbox 989 2349 1086 2411; x_wconf 89' lang='lat' dir='ltr'><strong>quam</strong></span> <span class='ocrx_word' id='word_1_154' title='bbox 1119 2327 1148 2393; x_wconf 88' lang='lat' dir='ltr'><strong>ei</strong></span> <span class='ocrx_word' id='word_1_155' title='bbox 1176 2326 1356 2394; x_wconf 85' lang='lat' dir='ltr'><strong>Lobeckiue</strong></span> 
     </span>
     <span class='ocr_line' id='line_1_20' title="bbox 184 2434 1357 2522; baseline -0.001 -20"><span class='ocrx_word' id='word_1_156' title='bbox 184 2437 299 2503; x_wconf 86' lang='lat' dir='ltr'><strong>habuit</strong></span> <span class='ocrx_word' id='word_1_157' title='bbox 325 2435 366 2500; x_wconf 89' lang='lat' dir='ltr'><strong>ad</strong></span> <span class='ocrx_word' id='word_1_158' title='bbox 386 2434 505 2519; x_wconf 83' lang='lat' dir='ltr'><strong>Phryn.</strong></span> <span class='ocrx_word' id='word_1_159' title='bbox 535 2457 566 2519; x_wconf 93' lang='lat' dir='ltr'><em>p.</em></span> <span class='ocrx_word' id='word_1_160' title='bbox 591 2439 658 2503; x_wconf 84' lang='lat'><strong>128.</strong></span> <span class='ocrx_word' id='word_1_161' title='bbox 704 2434 907 2520; x_wconf 83' lang='lat' dir='ltr'><strong>Quamquam</strong></span> <span class='ocrx_word' id='word_1_162' title='bbox 933 2434 996 2500; x_wconf 90' lang='lat' dir='ltr'><em>hcc</em></span> <span class='ocrx_word' id='word_1_163' title='bbox 1021 2435 1092 2522; x_wconf 81' lang='lat' dir='ltr'><strong>ipso</strong></span> <span class='ocrx_word' id='word_1_164' title='bbox 1118 2435 1191 2501; x_wconf 91' lang='lat' dir='ltr'><strong>loco</strong></span> <span class='ocrx_word' id='word_1_165' title='bbox 1220 2435 1357 2501; x_wconf 69' lang='lat' dir='ltr'><strong>fortuma</strong></span> 
     </span>
     <span class='ocr_line' id='line_1_21' title="bbox 185 2532 1357 2629; baseline -0.003 -18"><span class='ocrx_word' id='word_1_166' title='bbox 185 2544 286 2611; x_wconf 81' lang='lat' dir='ltr'><strong>altera</strong></span> <span class='ocrx_word' id='word_1_167' title='bbox 312 2543 408 2608; x_wconf 81' lang='lat' dir='ltr'><strong>lectio</strong></span> <span class='ocrx_word' id='word_1_168' title='bbox 434 2541 599 2628; x_wconf 88' lang='lat' dir='ltr'><strong>antiquior</strong></span> <span class='ocrx_word' id='word_1_169' title='bbox 625 2545 675 2609; x_wconf 86' lang='lat' dir='ltr'><strong>est</strong></span> <span class='ocrx_word' id='word_1_170' title='bbox 701 2532 807 2629; x_wconf 81' lang='grc' dir='ltr'><em>ἀντρην</em></span> <span class='ocrx_word' id='word_1_171' title='bbox 833 2534 1034 2608; x_wconf 77' lang='grc' dir='ltr'><em>ναιετάουσα</em></span> <span class='ocrx_word' id='word_1_172' title='bbox 1061 2534 1247 2627; x_wconf 80' lang='grc' dir='ltr'><em>παλισκίῳ,</em></span> <span class='ocrx_word' id='word_1_173' title='bbox 1274 2566 1357 2628; x_wconf 86' lang='lat' dir='ltr'><strong>quae</strong></span> 
     </span>
     <span class='ocr_line' id='line_1_22' title="bbox 186 2649 1357 2738; baseline -0.002 -21"><span class='ocrx_word' id='word_1_174' title='bbox 186 2674 271 2717; x_wconf 89' lang='lat' dir='ltr'><strong>nunc</strong></span> <span class='ocrx_word' id='word_1_175' title='bbox 293 2654 343 2717; x_wconf 88' lang='lat' dir='ltr'><strong>est</strong></span> <span class='ocrx_word' id='word_1_176' title='bbox 363 2651 397 2716; x_wconf 93' lang='lat' dir='ltr'><em>in</em></span> <span class='ocrx_word' id='word_1_177' title='bbox 420 2650 562 2716; x_wconf 86' lang='lat' dir='ltr'><strong>eiusdem</strong></span> <span class='ocrx_word' id='word_1_178' title='bbox 583 2649 695 2735; x_wconf 75' lang='lat' dir='ltr'><strong>hymni</strong></span> <span class='ocrx_word' id='word_1_179' title='bbox 715 2651 911 2738; x_wconf 80' lang='lat' dir='ltr'><strong>fragmento,</strong></span> <span class='ocrx_word' id='word_1_180' title='bbox 940 2650 1027 2736; x_wconf 89' lang='lat' dir='ltr'><strong>quod</strong></span> <span class='ocrx_word' id='word_1_181' title='bbox 1053 2672 1113 2735; x_wconf 91' lang='lat' dir='ltr'><strong>pro</strong></span> <span class='ocrx_word' id='word_1_182' title='bbox 1141 2650 1279 2735; x_wconf 84' lang='lat' dir='ltr'><strong>septimo</strong></span> <span class='ocrx_word' id='word_1_183' title='bbox 1302 2650 1357 2715; x_wconf 90' lang='lat' dir='ltr'><strong>de·</strong></span> 
     </span>
     <span class='ocr_line' id='line_1_23' title="bbox 186 2755 1358 2842; baseline -0.003 -16"><span class='ocrx_word' id='word_1_184' title='bbox 186 2762 267 2826; x_wconf 91' lang='lat' dir='ltr'><strong>oimo</strong></span> <span class='ocrx_word' id='word_1_185' title='bbox 295 2759 434 2825; x_wconf 89' lang='lat' dir='ltr'><strong>carmine</strong></span> <span class='ocrx_word' id='word_1_186' title='bbox 461 2758 684 2824; x_wconf 84' lang='lat' dir='ltr'><strong>circumfertur</strong></span> <span class='ocrx_word' id='word_1_187' title='bbox 709 2758 744 2823; x_wconf 88' lang='lat' dir='ltr'><em>in</em></span> <span class='ocrx_word' id='word_1_188' title='bbox 768 2758 896 2842; x_wconf 86' lang='lat' dir='ltr'><strong>hymnis</strong></span> <span class='ocrx_word' id='word_1_189' title='bbox 918 2757 1106 2822; x_wconf 84' lang='lat' dir='ltr'><strong>Homericis.</strong></span> <span class='ocrx_word' id='word_1_190' title='bbox 1150 2755 1358 2842; x_wconf 84' lang='lat' dir='ltr'><strong>Apollonll</strong></span> 
     </span>
     <span class='ocr_line' id='line_1_24' title="bbox 186 2857 1357 2950; baseline -0.005 -13"><span class='ocrx_word' id='word_1_191' title='bbox 186 2874 246 2937; x_wconf 86' lang='lat'><em>874</em></span> <span class='ocrx_word' id='word_1_192' title='bbox 266 2858 311 2944; x_wconf 80' lang='grc' dir='ltr'><em>δίς</em></span> <span class='ocrx_word' id='word_1_193' title='bbox 336 2862 373 2930; x_wconf 84' lang='grc' dir='ltr'><em>δέ</em></span> <span class='ocrx_word' id='word_1_194' title='bbox 398 2862 456 2931; x_wconf 89' lang='grc' dir='ltr'><em>καί</em></span> <span class='ocrx_word' id='word_1_195' title='bbox 477 2858 577 2929; x_wconf 83' lang='grc' dir='ltr'><em>ἀλλοι</em></span> <span class='ocrx_word' id='word_1_196' title='bbox 598 2863 696 2949; x_wconf 79' lang='grc' dir='ltr'><em>δεῦρο</em></span> <span class='ocrx_word' id='word_1_197' title='bbox 719 2857 885 2950; x_wconf 79' lang='grc' dir='ltr'><em>δαήμονες</em></span> <span class='ocrx_word' id='word_1_198' title='bbox 907 2857 1023 2947; x_wconf 84' lang='grc' dir='ltr'><em>ἀνδρες</em></span> <span class='ocrx_word' id='word_1_199' title='bbox 1044 2857 1128 2928; x_wconf 84' lang='grc' dir='ltr'><em>ἔασι.</em></span> <span class='ocrx_word' id='word_1_200' title='bbox 1160 2864 1268 2942; x_wconf 86' lang='lat' dir='ltr'><strong>Quint.</strong></span> <span class='ocrx_word' id='word_1_201' title='bbox 1290 2865 1357 2931; x_wconf 84' lang='lat' dir='ltr'><em>Sm.</em></span> 
     </span>
     <span class='ocr_line' id='line_1_25' title="bbox 186 2962 1358 3056; baseline -0.003 -17"><span class='ocrx_word' id='word_1_202' title='bbox 186 2978 216 3039; x_wconf 87' lang='grc' dir='ltr'><strong><em>Ε</em></strong></span> <span class='ocrx_word' id='word_1_203' title='bbox 227 2983 288 3044; x_wconf 92' lang='grc'><em>515</em></span> <span class='ocrx_word' id='word_1_204' title='bbox 310 2968 390 3040; x_wconf 84' lang='grc' dir='ltr'><em>ούδέ</em></span> <span class='ocrx_word' id='word_1_205' title='bbox 408 2964 435 3037; x_wconf 82' lang='grc' dir='ltr'><em>τ’</em></span> <span class='ocrx_word' id='word_1_206' title='bbox 457 2968 533 3055; x_wconf 79' lang='grc' dir='ltr'><em>ἐμοί</em></span> <span class='ocrx_word' id='word_1_207' title='bbox 554 2965 686 3038; x_wconf 88' lang='grc' dir='ltr'><em>νόστοιο</em></span> <span class='ocrx_word' id='word_1_208' title='bbox 708 2967 805 3050; x_wconf 81' lang='grc' dir='ltr'><em>τέλος</em></span> <span class='ocrx_word' id='word_1_209' title='bbox 825 2968 884 3037; x_wconf 85' lang='grc' dir='ltr'><em>σέο</em></span> <span class='ocrx_word' id='word_1_210' title='bbox 907 2970 1004 3056; x_wconf 87' lang='grc' dir='ltr'><em>δεῦρο</em></span> <span class='ocrx_word' id='word_1_211' title='bbox 1026 2965 1192 3048; x_wconf 72' lang='grc' dir='ltr'><em>θανόντος</em></span> <span class='ocrx_word' id='word_1_212' title='bbox 1213 2962 1358 3036; x_wconf 85' lang='grc' dir='ltr'><em>ἀνδάνει.</em></span> 
     </span>
     <span class='ocr_line' id='line_1_26' title="bbox 185 3071 1358 3166; baseline -0.009 -15"><span class='ocrx_word' id='word_1_213' title='bbox 185 3083 293 3151; x_wconf 83' lang='lat' dir='ltr'><strong>Nono.</strong></span> <span class='ocrx_word' id='word_1_214' title='bbox 317 3080 395 3147; x_wconf 90' lang='lat' dir='ltr'>VIII</span> <span class='ocrx_word' id='word_1_215' title='bbox 408 3088 448 3149; x_wconf 86' lang='lat'><em>94</em></span> <span class='ocrx_word' id='word_1_216' title='bbox 471 3077 549 3164; x_wconf 84' lang='grc' dir='ltr'><em>πρὶν</em></span> <span class='ocrx_word' id='word_1_217' title='bbox 569 3078 656 3158; x_wconf 76' lang='grc' dir='ltr'><em>Διὸς</em></span> <span class='ocrx_word' id='word_1_218' title='bbox 675 3073 829 3160; x_wconf 81' lang='grc' dir='ltr'><em>οἰνοχόον</em></span> <span class='ocrx_word' id='word_1_219' title='bbox 850 3072 1049 3166; x_wconf 75' lang='grc' dir='ltr'><em>Γανυμήδεα</em></span> <span class='ocrx_word' id='word_1_220' title='bbox 1072 3078 1169 3163; x_wconf 85' lang='grc' dir='ltr'><em>δεῦρο</em></span> <span class='ocrx_word' id='word_1_221' title='bbox 1192 3071 1302 3164; x_wconf 91' lang='grc' dir='ltr'><em>νοήσω</em></span> <span class='ocrx_word' id='word_1_222' title='bbox 1318 3116 1358 3125; x_wconf 92' lang='grc'>-</span> 
     </span>
     <span class='ocr_line' id='line_1_27' title="bbox 187 3179 1358 3276; baseline -0.004 -22"><span class='ocrx_word' id='word_1_223' title='bbox 187 3183 409 3273; x_wconf 84' lang='grc' dir='ltr'><em>ἀμειβόμενον</em></span> <span class='ocrx_word' id='word_1_224' title='bbox 430 3184 537 3265; x_wconf 85' lang='grc' dir='ltr'><em>δέπας</em></span> <span class='ocrx_word' id='word_1_225' title='bbox 549 3184 667 3275; x_wconf 82' lang='grc' dir='ltr'><em>Ἥβης.</em></span> <span class='ocrx_word' id='word_1_226' title='bbox 702 3188 855 3276; x_wconf 86' lang='lat' dir='ltr'><strong>Apollon.</strong></span> <span class='ocrx_word' id='word_1_227' title='bbox 870 3186 902 3253; x_wconf 89' lang='grc' dir='ltr'>Π</span> <span class='ocrx_word' id='word_1_228' title='bbox 916 3194 976 3257; x_wconf 81' lang='grc'><em>718</em></span> <span class='ocrx_word' id='word_1_229' title='bbox 997 3182 1057 3252; x_wconf 92' lang='grc' dir='ltr'><em>καί</em></span> <span class='ocrx_word' id='word_1_230' title='bbox 1076 3180 1103 3250; x_wconf 71' lang='grc' dir='ltr'><em>τ’</em></span> <span class='ocrx_word' id='word_1_231' title='bbox 1123 3179 1224 3251; x_wconf 85' lang='grc' dir='ltr'><em>εἶσέτι</em></span> <span class='ocrx_word' id='word_1_232' title='bbox 1247 3188 1301 3250; x_wconf 83' lang='grc' dir='ltr'><em>νῦν</em></span> <span class='ocrx_word' id='word_1_233' title='bbox 1323 3207 1358 3270; x_wconf 83' lang='grc' dir='ltr'><em>χε</em></span> 
     </span>
     <span class='ocr_line' id='line_1_28' title="bbox 185 3284 1355 3385; baseline -0.006 -22"><span class='ocrx_word' id='word_1_234' title='bbox 185 3294 336 3364; x_wconf 85' lang='grc' dir='ltr'><em>τέτυκται</em></span> <span class='ocrx_word' id='word_1_235' title='bbox 357 3287 437 3362; x_wconf 79' lang='grc' dir='ltr'><em>κεῖτ’</em></span> <span class='ocrx_word' id='word_1_236' title='bbox 457 3290 636 3384; x_wconf 83' lang='grc' dir='ltr'><em>Ὁμονοίης</em></span> <span class='ocrx_word' id='word_1_237' title='bbox 655 3289 729 3382; x_wconf 83' lang='grc' dir='ltr'><em>ίρδν</em></span> <span class='ocrx_word' id='word_1_238' title='bbox 749 3289 922 3385; x_wconf 75' lang='grc' dir='ltr'><em>ἐύφρονος.</em></span> <span class='ocrx_word' id='word_1_239' title='bbox 962 3295 1010 3362; x_wconf 87' lang='lat' dir='ltr'><em>IV</em></span> <span class='ocrx_word' id='word_1_240' title='bbox 1034 3302 1112 3364; x_wconf 81' lang='lat'>1217</span> <span class='ocrx_word' id='word_1_241' title='bbox 1140 3287 1302 3378; x_wconf 80' lang='grc' dir='ltr'><em>Μοιράων</em></span> <span class='ocrx_word' id='word_1_242' title='bbox 1323 3284 1355 3357; x_wconf 85' lang='grc' dir='ltr'><em>δ’</em></span> 
     </span>
     <span class='ocr_line' id='line_1_29' title="bbox 185 3394 1355 3492; baseline -0.006 -22"><span class='ocrx_word' id='word_1_243' title='bbox 185 3400 235 3471; x_wconf 88' lang='grc' dir='ltr'><em>ἔτι</em></span> <span class='ocrx_word' id='word_1_244' title='bbox 260 3405 349 3470; x_wconf 86' lang='grc' dir='ltr'><em>κεῖσε</em></span> <span class='ocrx_word' id='word_1_245' title='bbox 376 3399 444 3491; x_wconf 70' lang='grc' dir='ltr'><em>δύη</em></span> <span class='ocrx_word' id='word_1_246' title='bbox 472 3401 609 3470; x_wconf 73' lang='grc' dir='ltr'><em>ἐπέτεια</em></span> <span class='ocrx_word' id='word_1_247' title='bbox 640 3399 792 3483; x_wconf 83' lang='grc' dir='ltr'><em>δέχονται</em></span> <span class='ocrx_word' id='word_1_248' title='bbox 818 3401 876 3468; x_wconf 86' lang='grc' dir='ltr'><em>καί</em></span> <span class='ocrx_word' id='word_1_249' title='bbox 904 3399 1073 3492; x_wconf 82' lang='grc' dir='ltr'><em>Νυμφέων</em></span> <span class='ocrx_word' id='word_1_250' title='bbox 1098 3395 1247 3485; x_wconf 88' lang='grc' dir='ltr'><em>Νομίοιο</em></span> <span class='ocrx_word' id='word_1_251' title='bbox 1275 3394 1355 3465; x_wconf 73' lang='grc' dir='ltr'><em>καθ’</em></span> 
     </span>
     <span class='ocr_line' id='line_1_30' title="bbox 186 3503 1358 3598; baseline -0.005 -21"><span class='ocrx_word' id='word_1_252' title='bbox 186 3506 275 3596; x_wconf 75' lang='grc' dir='ltr'><em>ἱερὸν</em></span> <span class='ocrx_word' id='word_1_253' title='bbox 292 3505 508 3589; x_wconf 84' lang='grc' dir='ltr'><em>Ἀπόλλωνος</em></span> <span class='ocrx_word' id='word_1_254' title='bbox 528 3506 649 3595; x_wconf 83' lang='grc' dir='ltr'><em>βωμοί.</em></span> <span class='ocrx_word' id='word_1_255' title='bbox 684 3511 837 3598; x_wconf 83' lang='lat' dir='ltr'><strong>Apollon.</strong></span> <span class='ocrx_word' id='word_1_256' title='bbox 860 3511 951 3580; x_wconf 79' lang='lat'>1906</span> <span class='ocrx_word' id='word_1_257' title='bbox 973 3507 1086 3592; x_wconf 82' lang='grc' dir='ltr'><em>πέμπε</em></span> <span class='ocrx_word' id='word_1_258' title='bbox 1105 3533 1163 3592; x_wconf 91' lang='grc' dir='ltr'><em>μιν</em></span> <span class='ocrx_word' id='word_1_259' title='bbox 1184 3503 1358 3596; x_wconf 75' lang='grc' dir='ltr'><em>ἡβήσαντα</em></span> 
     </span>
     <span class='ocr_line' id='line_1_31' title="bbox 186 3609 1441 3706; baseline -0.007 -21"><span class='ocrx_word' id='word_1_260' title='bbox 186 3613 398 3705; x_wconf 80' lang='grc' dir='ltr'><em>Πελασγίδος</em></span> <span class='ocrx_word' id='word_1_261' title='bbox 417 3614 512 3685; x_wconf 92' lang='grc' dir='ltr'><em>ἔνδον</em></span> <span class='ocrx_word' id='word_1_262' title='bbox 530 3615 676 3687; x_wconf 81' lang='grc' dir='ltr'><em>Ἰωλκοῦ.</em></span> <span class='ocrx_word' id='word_1_263' title='bbox 718 3621 800 3706; x_wconf 86' lang='lat' dir='ltr'><strong>Opp.</strong></span> <span class='ocrx_word' id='word_1_264' title='bbox 822 3620 897 3688; x_wconf 89' lang='lat' dir='ltr'><strong>Hal.</strong></span> <span class='ocrx_word' id='word_1_265' title='bbox 921 3622 949 3683; x_wconf 91' lang='lat' dir='ltr'><em>B</em></span> <span class='ocrx_word' id='word_1_266' title='bbox 974 3626 1032 3687; x_wconf 81' lang='lat'><em>157</em></span> <span class='ocrx_word' id='word_1_267' title='bbox 1057 3611 1169 3684; x_wconf 81' lang='grc' dir='ltr'><em>τόνδ’</em></span> <span class='ocrx_word' id='word_1_268' title='bbox 1194 3611 1267 3683; x_wconf 84' lang='grc' dir='ltr'><em>ούτι</em></span> <span class='ocrx_word' id='word_1_269' title='bbox 1288 3609 1357 3681; x_wconf 85' lang='grc' dir='ltr'><em>τιά-</em></span> <span class='ocrx_word' id='word_1_270' title='bbox 1369 3622 1441 3692; x_wconf 78' lang='grc'>(141)</span> 
     </span>
     <span class='ocr_line' id='line_1_32' title="bbox 187 3721 1361 3817; baseline -0.004 -24"><span class='ocrx_word' id='word_1_271' title='bbox 187 3752 245 3817; x_wconf 80' lang='grc' dir='ltr'><em>γης</em></span> <span class='ocrx_word' id='word_1_272' title='bbox 263 3724 361 3808; x_wconf 86' lang='grc' dir='ltr'><em>λόχον</em></span> <span class='ocrx_word' id='word_1_273' title='bbox 382 3721 584 3813; x_wconf 84' lang='grc' dir='ltr'><em>ὁρμαίνοντα</em></span> <span class='ocrx_word' id='word_1_274' title='bbox 605 3725 729 3814; x_wconf 75' lang='grc' dir='ltr'><em>γαστήρ</em></span> <span class='ocrx_word' id='word_1_275' title='bbox 750 3722 846 3793; x_wconf 88' lang='grc' dir='ltr'><em>ἔνδον</em></span> <span class='ocrx_word' id='word_1_276' title='bbox 867 3722 996 3792; x_wconf 79' lang='grc' dir='ltr'><em>ἔλασσε.</em></span> <span class='ocrx_word' id='word_1_277' title='bbox 1040 3730 1071 3790; x_wconf 90' lang='grc' dir='ltr'><strong>Γ</strong></span> <span class='ocrx_word' id='word_1_278' title='bbox 1091 3733 1151 3796; x_wconf 85' lang='grc'><em>344</em></span> <span class='ocrx_word' id='word_1_279' title='bbox 1179 3722 1297 3808; x_wconf 86' lang='grc' dir='ltr'><em>δέλεαρ</em></span> <span class='ocrx_word' id='word_1_280' title='bbox 1321 3722 1361 3789; x_wconf 87' lang='grc' dir='ltr'><em>δέ</em></span> 
     </span>
     <span class='ocr_line' id='line_1_33' title="bbox 188 3827 1360 3923; baseline -0.009 -19"><span class='ocrx_word' id='word_1_281' title='bbox 188 3832 221 3904; x_wconf 81' lang='grc' dir='ltr'><em>οὶ</em></span> <span class='ocrx_word' id='word_1_282' title='bbox 245 3831 340 3903; x_wconf 86' lang='grc' dir='ltr'><em>ἔνδον</em></span> <span class='ocrx_word' id='word_1_283' title='bbox 370 3830 483 3923; x_wconf 86' lang='grc' dir='ltr'><em>ένείης.</em></span> <span class='ocrx_word' id='word_1_284' title='bbox 530 3844 591 3907; x_wconf 87' lang='grc'><em>561</em></span> <span class='ocrx_word' id='word_1_285' title='bbox 617 3828 735 3914; x_wconf 84' lang='grc' dir='ltr'><em>ἀστεος</em></span> <span class='ocrx_word' id='word_1_286' title='bbox 761 3831 857 3902; x_wconf 89' lang='grc' dir='ltr'><em>ἔνδον</em></span> <span class='ocrx_word' id='word_1_287' title='bbox 883 3828 1031 3902; x_wconf 69' lang='grc' dir='ltr'><em>ἱκέσθαι.</em></span> <span class='ocrx_word' id='word_1_288' title='bbox 1076 3837 1106 3899; x_wconf 84' lang='grc' dir='ltr'><strong>Ε</strong></span> <span class='ocrx_word' id='word_1_289' title='bbox 1129 3841 1187 3903; x_wconf 83' lang='grc'><em>581</em></span> <span class='ocrx_word' id='word_1_290' title='bbox 1215 3827 1360 3898; x_wconf 89' lang='grc' dir='ltr'><em>ἔσπασεν</em></span> 
     </span>
     <span class='ocr_line' id='line_1_34' title="bbox 187 3937 1358 4027; baseline -0.001 -16"><span class='ocrx_word' id='word_1_291' title='bbox 187 3940 282 4011; x_wconf 89' lang='grc' dir='ltr'><em>ἔνδον</em></span> <span class='ocrx_word' id='word_1_292' title='bbox 306 3937 461 4012; x_wconf 82' lang='grc' dir='ltr'><em>ὀδόντων.</em></span> <span class='ocrx_word' id='word_1_293' title='bbox 512 3947 543 4008; x_wconf 94' lang='grc' dir='ltr'>Γ</span> <span class='ocrx_word' id='word_1_294' title='bbox 564 3951 624 4015; x_wconf 84' lang='grc'><em>349</em></span> <span class='ocrx_word' id='word_1_295' title='bbox 651 3943 757 4025; x_wconf 75' lang='grc' dir='ltr'><em>ἵξεται</em></span> <span class='ocrx_word' id='word_1_296' title='bbox 787 3938 909 4008; x_wconf 71' lang='grc' dir='ltr'><em>ἔνδοθι</em></span> <span class='ocrx_word' id='word_1_297' title='bbox 940 3939 1106 4027; x_wconf 63' lang='grc' dir='ltr'><em>κύρτουῗθ.</em></span> <span class='ocrx_word' id='word_1_298' title='bbox 1152 3941 1217 4008; x_wconf 86' lang='lat' dir='ltr'><strong>Sed</strong></span> <span class='ocrx_word' id='word_1_299' title='bbox 1243 3945 1273 4003; x_wconf 92' lang='grc' dir='ltr'><strong><em>Γ</em></strong></span> <span class='ocrx_word' id='word_1_300' title='bbox 1298 3946 1358 4009; x_wconf 87' lang='grc'><em>380</em></span> 
     </span>
    </p>
   </div>
   <div class='ocr_carea' id='block_1_3' title="bbox 186 4118 1360 4454">
    <p class='ocr_par' dir='ltr' id='par_1_7' title="bbox 186 4118 1360 4454">
     <span class='ocr_line' id='line_1_35' title="bbox 253 4118 1360 4201; baseline -0.005 -15"><span class='ocrx_word' id='word_1_301' title='bbox 253 4133 278 4174; x_wconf 76' lang='grc'><em>78</em></span> <span class='ocrx_word' id='word_1_302' title='bbox 295 4128 448 4201; x_wconf 75' lang='grc' dir='ltr'><em>Πάροιδεν</em></span> <span class='ocrx_word' id='word_1_303' title='bbox 466 4122 606 4201; x_wconf 76' lang='grc' dir='ltr'><em>ἔρχεσθαι</em></span> <span class='ocrx_word' id='word_1_304' title='bbox 626 4146 677 4200; x_wconf 89' lang='lat' dir='ltr'><strong>pro</strong></span> <span class='ocrx_word' id='word_1_305' title='bbox 695 4127 804 4200; x_wconf 78' lang='grc' dir='ltr'><em>θύραζε</em></span> <span class='ocrx_word' id='word_1_306' title='bbox 825 4127 944 4199; x_wconf 87' lang='lat' dir='ltr'><strong>Oppian.</strong></span> <span class='ocrx_word' id='word_1_307' title='bbox 966 4127 1029 4181; x_wconf 88' lang='lat' dir='ltr'><strong>Hal.</strong></span> <span class='ocrx_word' id='word_1_308' title='bbox 1048 4129 1072 4183; x_wconf 85' lang='grc' dir='ltr'><em>Α</em></span> <span class='ocrx_word' id='word_1_309' title='bbox 1092 4128 1146 4182; x_wconf 76' lang='lat'><strong>153.</strong></span> <span class='ocrx_word' id='word_1_310' title='bbox 1170 4157 1204 4165; x_wconf 92' lang='lat'>-</span> <span class='ocrx_word' id='word_1_311' title='bbox 1219 4118 1360 4182; x_wconf 76' lang='grc' dir='ltr'><em>Ἔνδοδεν</em></span> 
     </span>
     <span class='ocr_line' id='line_1_36' title="bbox 188 4205 1359 4287; baseline -0.006 -16"><span class='ocrx_word' id='word_1_312' title='bbox 188 4216 263 4287; x_wconf 86' lang='lat' dir='ltr'><strong>apud</strong></span> <span class='ocrx_word' id='word_1_313' title='bbox 280 4215 433 4270; x_wconf 87' lang='lat' dir='ltr'><strong>Homerum</strong></span> <span class='ocrx_word' id='word_1_314' title='bbox 450 4213 514 4278; x_wconf 85' lang='lat' dir='ltr'><strong>iarn,</strong></span> <span class='ocrx_word' id='word_1_315' title='bbox 532 4216 565 4268; x_wconf 88' lang='lat' dir='ltr'><em>ut</em></span> <span class='ocrx_word' id='word_1_316' title='bbox 582 4208 714 4284; x_wconf 77' lang='grc' dir='ltr'><em>ἐγγύθεν,</em></span> <span class='ocrx_word' id='word_1_317' title='bbox 734 4205 886 4283; x_wconf 76' lang='grc' dir='ltr'><em>σχεδόθεν,</em></span> <span class='ocrx_word' id='word_1_318' title='bbox 903 4212 967 4281; x_wconf 86' lang='lat' dir='ltr'><strong>alia,</strong></span> <span class='ocrx_word' id='word_1_319' title='bbox 986 4230 1037 4284; x_wconf 88' lang='lat' dir='ltr'><strong>pro</strong></span> <span class='ocrx_word' id='word_1_320' title='bbox 1056 4208 1159 4267; x_wconf 73' lang='grc' dir='ltr'><em>ἔνδοθι</em></span> <span class='ocrx_word' id='word_1_321' title='bbox 1177 4209 1293 4265; x_wconf 86' lang='lat' dir='ltr'><strong>dictum.</strong></span> <span class='ocrx_word' id='word_1_322' title='bbox 1322 4209 1359 4264; x_wconf 90' lang='lat' dir='ltr'><em>Et</em></span> 
     </span>
     <span class='ocr_line' id='line_1_37' title="bbox 188 4291 1358 4370; baseline -0.005 -15"><span class='ocrx_word' id='word_1_323' title='bbox 188 4299 306 4366; x_wconf 77' lang='lat' dir='ltr'><strong>Quintus</strong></span> <span class='ocrx_word' id='word_1_324' title='bbox 324 4317 347 4355; x_wconf 88' lang='lat' dir='ltr'><strong>e.</strong></span> <span class='ocrx_word' id='word_1_325' title='bbox 361 4315 400 4369; x_wconf 76' lang='grc' dir='ltr'><em>ς..</em></span> <span class='ocrx_word' id='word_1_326' title='bbox 417 4315 481 4353; x_wconf 87' lang='lat' dir='ltr'><em>cum</em></span> <span class='ocrx_word' id='word_1_327' title='bbox 498 4296 568 4354; x_wconf 86' lang='lat' dir='ltr'><strong>dicit</strong></span> <span class='ocrx_word' id='word_1_328' title='bbox 584 4291 744 4370; x_wconf 83' lang='grc' dir='ltr'><em>ἀχνύμενος</em></span> <span class='ocrx_word' id='word_1_329' title='bbox 759 4294 833 4367; x_wconf 84' lang='grc' dir='ltr'><em>κέαρ</em></span> <span class='ocrx_word' id='word_1_330' title='bbox 850 4291 977 4353; x_wconf 72' lang='grc' dir='ltr'><em>ἔνδοθεν</em></span> <span class='ocrx_word' id='word_1_331' title='bbox 993 4298 1031 4367; x_wconf 80' lang='grc' dir='ltr'><em>(Γ</em></span> <span class='ocrx_word' id='word_1_332' title='bbox 1039 4296 1099 4365; x_wconf 83' lang='lat'>504)</span> <span class='ocrx_word' id='word_1_333' title='bbox 1118 4299 1148 4351; x_wconf 90' lang='lat' dir='ltr'><strong>et</strong></span> <span class='ocrx_word' id='word_1_334' title='bbox 1163 4293 1274 4359; x_wconf 78' lang='lat' dir='ltr'><strong>similia,</strong></span> <span class='ocrx_word' id='word_1_335' title='bbox 1290 4293 1358 4349; x_wconf 78' lang='lat' dir='ltr'><strong>finer</strong></span> 
     </span>
     <span class='ocr_line' id='line_1_38' title="bbox 186 4378 1358 4454; baseline -0.005 -15"><span class='ocrx_word' id='word_1_336' title='bbox 186 4383 348 4441; x_wconf 79' lang='lat' dir='ltr'><strong>Homericos</strong></span> <span class='ocrx_word' id='word_1_337' title='bbox 364 4400 420 4440; x_wconf 87' lang='lat' dir='ltr'><em>non</em></span> <span class='ocrx_word' id='word_1_338' title='bbox 438 4383 586 4454; x_wconf 81' lang='lat' dir='ltr'><strong>egreditur.</strong></span> <span class='ocrx_word' id='word_1_339' title='bbox 621 4381 749 4437; x_wconf 81' lang='lat' dir='ltr'><strong>Difficilis</strong></span> <span class='ocrx_word' id='word_1_340' title='bbox 771 4381 913 4451; x_wconf 83' lang='lat' dir='ltr'><strong>quaestio,</strong></span> <span class='ocrx_word' id='word_1_341' title='bbox 932 4382 980 4438; x_wconf 86' lang='lat' dir='ltr'><strong>sed</strong></span> <span class='ocrx_word' id='word_1_342' title='bbox 1004 4378 1209 4436; x_wconf 74' lang='lat' dir='ltr'><strong>acciu-atissima</strong></span> <span class='ocrx_word' id='word_1_343' title='bbox 1226 4378 1358 4450; x_wconf 76' lang='lat' dir='ltr'><strong>perquisi-</strong></span> 
     </span>
    </p>
   </div>
   <div class='ocr_carea' id='block_1_4' title="bbox 0 0 1728 4934">
    <p class='ocr_par' dir='ltr' id='par_1_8' title="bbox 0 0 1728 4934">
     <span class='ocr_line' id='line_1_39' title="bbox 0 0 1728 4934; baseline 0 0"><span class='ocrx_word' id='word_1_344' title='bbox 0 0 1728 4934; x_wconf 95' lang='lat' dir='ltr'><em> </em></span> 
     </span>
    </p>
   </div>
  </div>
 </body>
</html>
