3425 4934
560 343 585 396 2.
612 335 737 409 βάλλειν,
756 337 886 403 οὐτάσαι,
903 339 962 395 sim.
1308 353 1347 415 69

178 507 398 594 Smyrnaeum,
419 507 544 593 equites
557 513 740 594 pugnantes
759 508 800 574 ab
814 507 958 575 Homero
981 531 1046 574 non
1067 510 1199 578 induci?
1221 514 1267 578 At
1279 512 1348 599 ipse

177 617 211 681 in
244 616 278 681 id
311 637 440 681 carmen
464 615 606 694 induxit,
640 615 815 700 quodnisi
845 617 981 682 istorum
1011 640 1134 685 morem
1159 620 1348 706 cognoveris

177 723 310 790 Homeri
331 723 506 809 imaginem
523 744 599 808 prae
621 723 735 790 ceteris
756 723 876 789 referre
897 726 1146 808 exspectaverim
1171 750 1200 795 v.
1226 728 1257 792 Θ
1280 734 1347 797 186.

177 834 237 898 12.
259 834 317 896 ΙΑ
335 837 401 900 184.
439 829 485 896 of.
508 830 654 914 equitum
676 834 837 896 certamen
857 831 892 895 in
913 832 997 897 ludis
1018 832 1209 901 funebribus
1230 842 1264 899 Δ
1276 842 1346 903 545.

176 936 359 1005 Nescivisse
381 937 527 1017 eundem,
549 938 635 1021 apud
652 936 832 1004 Homerum
853 939 1047 1005 ambrosiam
1069 939 1177 1006 cibum
1198 964 1268 1008 esse
1281 942 1348 1008 De-

178 1068 269 1111 orum
289 1066 357 1111 non
377 1047 511 1130 potum?
532 1047 686 1111 Attamen
707 1046 777 1132 ipse
798 1045 880 1111 nihil
903 1046 1062 1112 dubitavit
1082 1046 1220 1115 seribere
1241 1051 1274 1114 A
1290 1054 1348 1118 139

176 1152 319 1239 Νύμφαι
348 1144 533 1239 ἀμβροσίην
562 1147 735 1237 ἓκέραιρον
764 1147 813 1218 bt
840 1148 1008 1237 χρυσέοισι
1034 1149 1223 1234 κυπέλλοις.
1267 1155 1349 1241 'l'ry-

177 1262 352 1347 phiodorus
367 1260 408 1326 ad
427 1259 561 1325 visenda
575 1259 768 1327 Graecorum
783 1264 887 1326 castra
900 1260 1066 1328 Priamum
1079 1285 1151 1328 eum
1167 1263 1348 1331 senioribus

178 1369 254 1436 facit
275 1369 371 1435 mulis
391 1367 474 1447 vehi,
495 1372 554 1434 241

343 1469 377 1542 oi
395 1471 432 1539 δὲ
452 1477 539 1564 θοῇς
560 1466 681 1562 οὐρῆας
699 1467 938 1555 ὑποζεύξαντες
958 1468 1100 1566 ἀπήναις

343 1579 380 1649 ἐκ
399 1577 523 1660 πόλιος
543 1577 740 1666 κατέβαινον
761 1576 832 1665 ἅμα
856 1574 999 1669 Πριάμῳ
1019 1584 1161 1674 βασιλῆϊ

341 1682 444 1757 ἄλλοι
463 1684 706 1776 δημογέροντος.

177 1801 240 1868 Sed
267 1799 352 1886 apud
377 1798 557 1865 Homerum
582 1797 679 1864 mulis
705 1820 799 1864 curru
828 1799 947 1864 iunctis
973 1821 1040 1864 non
1065 1804 1202 1866 utuntur
1225 1801 1287 1866 nisi
1309 1801 1350 1866 ad

177 1907 323 1974 vehenda
344 1927 450 1973 onera.
496 1904 590 1984 Quod
611 1903 871 1991 'l'ryphiodorum
896 1906 1063 1991 ignorasse
1091 1930 1130 1974 eo
1152 1909 1259 1973 minus
1281 1929 1349 1972 cre·

177 2016 251 2081 dere
274 2014 374 2091 decet
394 2035 468 2079 cum
490 2013 529 2079 de
542 2012 672 2079 Priamo
693 2012 841 2078 vehiculo
863 2013 943 2078 urbe
965 2035 1095 2098 egresso
1118 2015 1262 2080 scribens
1283 2036 1349 2079 non

176 2126 289 2208 posset
309 2143 377 2187 non
397 2120 581 2187 meminisse
603 2120 756 2186 simillimi
776 2120 841 2186 loci
861 2121 1027 2187 Homerici
1048 2121 1080 2184 Ω
1098 2126 1169 2202 324,
1190 2144 1255 2206 quo
1276 2122 1348 2206 ipso

176 2229 249 2295 loco
268 2228 433 2294 Priamum
455 2250 556 2313 equos
578 2249 673 2314 agere
693 2227 847 2303 videmus,
870 2227 1014 2312 plaustro
1036 2233 1156 2306 contra,
1178 2251 1243 2314 quo
1266 2229 1351 2294 dona

177 2339 355 2420 portantur,
375 2335 564 2401 subiunctos
578 2335 694 2400 mulos.
729 2334 794 2401 sed
808 2334 1052 2421 Tryphiodorus
1067 2337 1263 2421 posterioris,
1284 2338 1348 2402 imo

177 2445 226 2510 sui
239 2445 310 2511 aevi
331 2466 455 2509 morem
476 2443 633 2528 expressit
654 2448 695 2520 (v.
710 2440 853 2508 Scheffer
869 2464 895 2509 c.
914 2442 1010 2527 VHI).
1045 2445 1195 2511 Aetatem
1217 2445 1346 2529 quidem

178 2575 267 2619 suam
281 2551 331 2617 illi
346 2551 428 2636 epici
448 2554 516 2615 tam
537 2572 603 2615 uon
626 2548 876 2627 dissimularunt,
896 2554 935 2615 ut
949 2549 1089 2628 Quintus
1104 2551 1347 2617 similitudinem
1360 2565 1413 2635 (82)

177 2659 382 2726 abestiariis
408 2658 572 2733 sumserit,
599 2650 627 2736 ζ
654 2661 725 2724 532
758 2656 969 2724 Alexandrini
994 2681 1067 2724 cum
1093 2660 1183 2745 spica
1208 2659 1350 2725 carmina

177 2767 314 2833 condere
342 2766 596 2852 aggrederentur
622 2787 688 2830 non
717 2765 751 2830 id
774 2769 929 2851 egerunt,
961 2769 999 2830 ut
1028 2766 1085 2831 ubi
1110 2766 1271 2832 Homerus
1297 2767 1349 2832 vel

177 2874 302 2940 fabulas
316 2874 368 2939 vel
381 2894 488 2939 mores
507 2876 540 2938 et
553 2873 703 2937 instituta
722 2872 773 2938 vel
795 2872 921 2938 dicendi
942 2872 1077 2938 artificia
1097 2873 1149 2938 vel
1168 2894 1348 2939 sermonem

178 2982 336 3049 Graecum
356 2979 554 3065 reliquisset,
583 2978 629 3044 ibi
657 2982 691 3045 et
715 2979 778 3065 ipsi
801 2978 919 3064 pedem
944 2979 1096 3046 sisterent
1119 2980 1230 3065 itaque
1254 2980 1346 3046 illum

176 3091 392 3175 exprimerent
406 3087 498 3172 quasi
513 3087 628 3172 aliquis
645 3085 740 3153 Hiadi
760 3087 926 3172 proximus
948 3086 1128 3172 rhapsodus
1150 3088 1206 3172 qui
1225 3087 1350 3154 nullum

176 3197 262 3263 aliud
283 3196 420 3262 haberet
445 3193 636 3279 exemplum.
679 3193 743 3260 Sed
773 3197 811 3259 ut
837 3194 974 3260 saeculis
1001 3195 1221 3279 superioribus
1242 3195 1349 3279 poesis

178 3304 299 3372 Graeca
318 3326 377 3389 per
398 3302 516 3388 gradm
537 3324 709 3388 progressa
730 3304 792 3379 est,
822 3324 909 3367 nunc
934 3324 992 3387 per
1012 3302 1145 3389 aliquod
1165 3307 1294 3388 tempus
1315 3304 1350 3368 in

176 3412 357 3478 imitatione
373 3409 560 3488 consistens,
581 3430 668 3474 nunc
688 3412 886 3475 commutato
906 3409 1024 3495 partim
1043 3410 1242 3475 audientium
1265 3409 1348 3474 desi-
1365 3431 1398 3481 co

178 3520 266 3585 derio
281 3517 401 3604 partim
410 3536 565 3583 converso
580 3515 762 3581 litterarum
776 3519 862 3581 statu
872 3517 990 3600 partim
999 3516 1204 3603 ingeniosum
1219 3519 1351 3601 propter

176 3627 227 3692 vel
240 3630 327 3692 certe
342 3625 496 3690 audacem
507 3625 696 3689 novatorem
710 3644 812 3689 novos
827 3623 951 3692 colores
966 3647 1139 3703 assumens,
1156 3623 1349 3689 sicAlexan·

178 3734 268 3798 drina
282 3731 390 3817 poesis
411 3753 471 3795 usa
490 3732 540 3795 est
559 3730 609 3807 iis,
633 3752 715 3815 quae
737 3731 866 3797 saecula
887 3735 962 3797 ante
983 3734 1189 3817 paraverant3
1212 3752 1349 3815 quorum

177 3840 231 3906 illa
249 3862 317 3906 non
339 3841 466 3903 tantum
486 3837 642 3903 imitatrix
663 3840 719 3904 sed
733 3838 957 3924 amplificatrix
979 3843 1012 3905 et
1032 3838 1179 3905 novatrix
1201 3860 1270 3904 esse
1291 3860 1349 3903 vo·

177 3946 248 4013 luit:
282 3947 370 4033 quod
395 3946 460 4011 nisi
484 3945 531 4011 ita
556 3949 653 4024 esset,
681 3967 747 4011 non
772 3945 966 4012 haberemus
986 3947 1082 4012 huius
1107 3946 1215 4031 poesis
1241 3945 1349 4030 epicae

177 4055 345 4121 historiam
366 4053 433 4120 suis
455 4052 614 4119 aetatibus
640 4056 674 4118 et
701 4053 848 4119 terminis
870 4053 1071 4138 descriptam
1110 4052 1155 4118 Et
1175 4052 1350 4119 noluerunt

179 4310 224 4376 IX,
241 4311 401 4369 Gerhardus
418 4311 482 4368 lect.
499 4311 589 4382 Apoll.
608 4328 631 4366 a
651 4309 702 4377 Vl,
725 4309 901 4365 Weiehertus
923 4311 958 4366 de
975 4309 1126 4381 Apollonio
1143 4329 1171 4382 p.
1190 4316 1235 4375 ³¹1,
1258 4310 1349 4366 Loebe

178 4412 248 4467 spec.
266 4400 374 4466 quaest
394 4395 454 4451 crit.
472 4415 500 4467 p.
518 4401 544 4452 2.
