3425 4934
628 350 652 400 1.
676 344 717 400 De
734 344 903 402 accentibus.
1285 344 1344 406 251

179 517 241 599 40).
272 553 313 564 -
339 513 390 580 Tu
411 514 493 581 illud
518 514 564 580 sio
588 513 675 600 lege:
704 510 742 579 τὸ
772 509 809 578 δὲ
835 503 938 578 θῶσιν
960 503 1046 576 ἔνιοι
1066 508 1282 591 περισπῶσιν,
1305 495 1345 567 ἵν’

179 620 323 713 ὁμοτονῇ
343 623 390 709 τῷ
409 624 523 707 θηρῶν
541 617 598 686 καί
618 624 735 686 κυνῶν·
756 613 778 707 ἦ
802 616 845 685 δὲ
866 613 1095 705 παράδοσις
1115 605 1347 697 βαρυτόνως.

180 726 284 809 οὕτως
311 725 348 795 δὲ
373 725 430 794 καί
461 721 479 793 ὃ
505 722 719 814 Ἀρίσταρχος
744 724 962 818 προφέρεται.
1010 721 1161 808 Διοκλῆς
1186 716 1304 786 δὲκαὶ
1329 713 1347 785 ό

183 838 276 927 Θρᾷξ
293 834 473 915 Διονύσιος
490 831 859 921 καταγινώσκουσιν
880 827 1001 900 αὐτοῦ
1029 823 1081 910 ῶς
1105 821 1349 914 βαρύνοντος

178 944 239 1033 τὴν
266 941 363 1026 λέξιν,
407 939 536 1021 Κάσιος
564 940 601 1009 δὲ
632 945 690 1027 (εἰσ
717 945 802 1010 enim
822 943 943 1030 pergit)
972 931 1242 1023 ἀπολογούμενος
1264 928 1347 1018 ὑπὲρ

178 1056 239 1141 τῆς
264 1045 514 1138 βαρυτονόσεῶς
540 1071 641 1140 φησιν
671 1047 725 1117 ότι
751 1048 793 1115 τὰ
817 1044 1072 1133 μονοσύλλαβα,
1103 1042 1183 1115 όταν
1207 1039 1267 1127 μὲν
1294 1036 1348 1129 ἔχῃ

179 1159 239 1248 τὴν
260 1157 490 1247 πληθυντικὴν
511 1155 568 1225 ἐπὶ
587 1162 647 1246 τῆς
666 1153 858 1235 τελευταίας
879 1156 1046 1244 συλλαβῆς
1065 1151 1149 1239 μετὰ
1171 1145 1349 1240 συμφώνου

180 1264 372 1355 λεγομένην,
407 1262 539 1346 πάντως
569 1264 627 1332 καί
661 1264 747 1331 κατὰ
772 1263 832 1353 τὴν
860 1263 991 1353 γενικὴν
1016 1264 1237 1349 περισπᾶται,
1276 1248 1348 1324 οἷον
1361 1258 1432 1330 (²⁶²)

181 1379 296 1463 θῆρες,
320 1367 428 1453 κύνες,
449 1378 558 1460 χῆνες,
581 1370 662 1441 ὅταν
683 1370 720 1439 δὲ
743 1367 813 1441 ἀπὸ
834 1368 1024 1463 φωνήεντος
1045 1364 1240 1456 ἀρχομένην,
1264 1358 1349 1431 πάν·

180 1508 245 1562 τως
264 1477 557 1569 βαρυτονουμένην,
582 1472 655 1548 οἷον
680 1485 799 1568 Τρῶες,
822 1480 941 1564 δμῶες,
963 1483 1067 1558 θῶες,
1092 1478 1179 1555 λᾶες.
1209 1468 1350 1540 ἀντίκει-

180 1616 237 1657 ται
255 1589 293 1656 δὲ
307 1584 396 1676 αὐτῷ
408 1587 447 1656 τὸ
463 1584 594 1655 παίδων
608 1587 665 1656 καί
679 1586 821 1659 πάντων.
857 1591 982 1672 Χαῖρις
1001 1585 1039 1653 δέ
1062 1607 1163 1674 φησιν
1184 1576 1244 1661 ocia
1265 1572 1352 1648 εἶναι

182 1696 217 1764 ἐν
247 1690 463 1781 δισυλλάβοις
493 1691 674 1782 ἀναλογίαν
699 1701 727 1780 (l
753 1694 804 1785 (δν
829 1700 901 1776 τοῖς
926 1693 1190 1779 μονοονλλόβοις
1212 1691 1351 1759 Lobeclr.

181 1808 313 1894 paralip.
335 1830 366 1891 p.
391 1806 487 1889 121».

263 1915 326 1981 Hic
355 1913 452 1979 etiam
471 1914 560 1981 vides
584 1914 662 1999 quid
682 1913 864 1999 complures
885 1913 991 1979 moliti
1012 1913 1078 1979 sint
1098 1915 1135 1976 ut
1157 1931 1194 1974 ea
1216 1910 1256 1975 ad
1276 1931 1352 1974 nor·

180 2050 266 2093 mam
296 2020 537 2114 grammaticam
569 2022 800 2108 detorquerent
831 2044 914 2107 quae
944 2021 1006 2087 sibi
1041 2042 1118 2086 usus
1147 2039 1213 2083 non
1239 2038 1352 2102 passus

181 2132 231 2194 est
252 2128 342 2212 eripi.

263 2236 370 2303 Facile
396 2237 473 2303 hinc
499 2237 651 2303 iudicium
678 2238 716 2305 do
742 2229 915 2316 δνσῶδων,
944 2228 1092 2313 εόιόδων,
1122 2236 1240 2321 quippe
1266 2234 1352 2299 idem

181 2347 334 2411 futurum.

263 2452 422 2520 Theodos.
448 2475 560 2519 canon.
583 2452 685 2519 Bakk.
706 2454 767 2519 An.
790 2477 820 2539 p.
844 2460 935 2535 1006,
961 2459 1001 2523 24
1022 2449 1060 2517 τὸ
1084 2443 1241 2516 δοσῶδων
1259 2442 1351 2533 ’Λρί-

181 2582 319 2645 σταρχσς
340 2552 469 2645 ἀλόγως
490 2561 522 2643 (i.
546 2583 573 2626 e.
596 2565 709 2627 contra
730 2560 926 2647 analogiam)
949 2553 1103 2645 ἐβάρυνε,
1132 2555 1189 2623 καί
1209 2552 1351 2644 τριήρων

182 2664 268 2759 φασί
285 2690 373 2745 τινες
389 2661 559 2745 Ἀττικούς
578 2660 768 2752 βαρυτόνως
789 2664 907 2753 λέγειν.

264 2776 334 2856 Qua
365 2776 399 2840 in
424 2799 458 2842 re
483 2776 563 2842 mire
596 2778 771 2872 castigatur
801 2778 841 2843 ab
868 2776 1054 2843 Herodiano
1088 2776 1173 2862 apud
1197 2775 1351 2841 Ioannem

181 2887 271 2953 Alex.
299 2909 329 2970 p.
353 2890 390 2952 19
415 2880 454 2948 τὸ
483 2875 639 2950 δυσῶδων
665 2882 723 2949 καί
748 2877 883 2949 εύιόδων
908 2887 956 2970 τῷ
982 2879 1069 2971 λόγῳ
1098 2879 1159 2965 μὲν
1184 2902 1352 2969 περισπα-

184 2989 386 3081 σδήσονται,
422 2987 505 3079 φασί
536 2988 573 3056 δὲ
596 2989 655 3057 τὸν
676 2985 890 3076 Ἀρίσταρχον
915 2986 1037 3067 ταύτας
1062 2989 1119 3056 καὶ
1145 2986 1206 3068 τὰς
1233 2983 1353 3072 ὁμοίας

184 3095 349 3187 βαρύνειν,
372 3090 602 3184 ἀπατηθέντα,
626 3096 672 3176 ῶς
686 3094 703 3165 ὁ
715 3093 925 3186 Ἡρωδιανός
941 3120 1052 3187 φησιν,
1077 3095 1114 3164 ἐκ
1133 3100 1193 3164 τοῦ
1215 3091 1353 3163 οἴεσθαι

183 3207 244 3288 τὰς
257 3204 396 3284 ἐντελεῖς
417 3203 549 3290 γενικὰς
569 3198 677 3271 αὐτῶν
698 3200 1029 3292 προπαροξύνεσθαι,
1054 3199 1204 3273 εόῶδεων
1225 3199 1271 3284 ῶς
1291 3199 1352 3272 πό-

186 3316 278 3382 λεων.
324 3315 448 3391 κακῶς·
479 3309 580 3396 μόναι
612 3313 674 3401 γὰρ
706 3309 742 3380 αἱ
768 3309 838 3384 ἀπὸ
866 3318 932 3380 τῶν
958 3309 1006 3392 εἰς
1031 3338 1062 3392 ις
1089 3307 1293 3399 ὑπάρχουσιν
1318 3309 1353 3380 αἱ

185 3420 527 3510 προπαροξννόμεναι,
551 3417 694 3502 πόλεων,
718 3418 955 3508 μάντεων,καί
977 3417 1036 3489 δύο
1059 3416 1129 3491 ἀπὸ
1151 3426 1216 3487 τῶν
1237 3415 1285 3501 είς
1305 3445 1351 3501 υς,

186 3528 368 3610 πελέκεων,
400 3524 545 3618 πήχεων·
574 3527 608 3597 αἱ
636 3528 673 3597 δὲ
694 3530 813 3598 λοιπαί
837 3535 948 3598 πᾶσαι
967 3525 1146 3618 βαρύτονοι
1168 3521 1267 3597 οόσαι
1287 3527 1353 3615 πρὸ

186 3643 265 3723 μιᾶς
278 3633 389 3719 ἔχουσι
409 3635 465 3705 τὸν
484 3633 591 3717 τόνον,
616 3634 662 3717 ῶς
682 3631 869 3724 πρόκειται.
907 3639 997 3719 Quae
1018 3640 1239 3726 epitomatoris
1261 3639 1356 3725 culpa

188 3749 329 3816 colorem
349 3747 590 3814 Herodianeum
616 3749 806 3814 amiserunt:
836 3748 892 3834 qui
915 3747 980 3829 hic,
1005 3751 1042 3813 ut
1066 3748 1187 3833 ubique
1213 3771 1287 3814 eum
1307 3747 1355 3812 fe-

188 3857 269 3923 cisse
290 3856 497 3939 inveniemus,
516 3856 622 3922 lenius
645 3861 678 3923 et
698 3856 875 3923 modestius
896 3878 978 3941 quae
1000 3858 1112 3921 contra
1132 3855 1354 3922 Alistarchum

186 3964 322 4051 proferri
348 3968 494 4048 possent,
525 3969 690 4049 posuerat,
718 3964 850 4030 minime
872 3964 1042 4030 immemor
1062 3985 1173 4030 eorum
1194 3985 1275 4047 quae
1296 3984 1354 4047 pro

188 4095 226 4139 eo
253 4071 405 4137 valerent.
447 4070 517 4137 Imo
548 4072 766 4157 disputatione
794 4071 927 4157 ancipiti
954 4070 1102 4136 absoluta
1122 4070 1156 4134 in
1178 4068 1355 4134 Aristarchi

185 4184 294 4267 partes
317 4179 498 4245 discessisse
518 4179 690 4264 putandus.
731 4178 849 4245 Confer
870 4178 982 4258 modo,
1009 4177 1171 4262 quomodo
1192 4177 1272 4243 haec
1293 4177 1356 4241 Ar·

181 4289 296 4363 ,cadius
327 4290 475 4370 excerpta
502 4287 638 4367 dederit,
668 4311 699 4372 p.
729 4290 802 4354 136:
835 4283 873 4352 τὸ
908 4282 945 4351 δὲ
973 4279 1130 4351 δυσῶδων
1156 4281 1357 4368 παραλόγως

185 4393 364 4483 ἐβαρύνθη.
398 4389 512 4460 καὶτὸ
533 4391 674 4481 τριήρων
696 4387 727 4459 σί
748 4389 809 4476 μὲν
829 4388 1044 4479 βαρύνουσιν,
1067 4385 1099 4457 οἷ
1120 4387 1158 4457 δὲ
1179 4393 1351 4478 περισπῶ-
1370 4402 1419 4455 255
