3425 4934
359 330 399 392 42
454 324 485 377 Π.
504 323 545 378 De
565 324 742 381 Aristarchus
759 326 958 383 vocabulorum
975 324 1185 381 Homericorum
1202 324 1443 397 interpretatione.

439 492 529 558 Haec
561 514 631 558 cum
656 493 824 561 considero
844 496 1051 563 Aristotelica
1078 500 1112 562 et
1131 496 1212 562 falsa
1232 518 1302 562 esse
1322 496 1475 581 pleraque
1497 501 1531 562 et

357 623 377 665 a
398 601 608 687 grammatica
627 602 895 687 interpretatione
917 603 1114 670 alienissima
1128 602 1224 689 (nihil
1237 602 1373 671 Homeri
1393 626 1531 670 consue·

356 708 469 775 tudine
489 709 637 790 illustrat,
658 710 709 776 uel
730 711 899 779 Cretenses
921 712 1018 779 licere
1039 716 1132 798 putat
1153 712 1245 778 citari
1267 712 1300 776 in
1322 734 1400 778 voce
1414 716 1530 797 poetae

356 816 621 902 frequentatam,
641 817 706 885 huc
727 841 887 885 arcessere
908 819 1003 885 velim
1027 843 1090 901 eos,
1114 820 1169 905 qui
1198 820 1303 886 adhuc
1328 820 1368 885 de
1388 819 1531 885 Alexan·

357 924 522 991 drinorum
550 925 674 991 meritis
702 926 901 994 fastidiosius
930 927 1123 1013 loquuntur,
1162 927 1238 995 hinc
1271 933 1310 995 ut
1335 926 1532 1010 intelligant,

357 1037 497 1117 quantae
518 1034 612 1099 molis
633 1034 731 1100 fuerit
745 1035 930 1102 Cloacinam
951 1036 1088 1102 condere
1102 1039 1214 1103 artem
1242 1035 1413 1103 Praeterea
1432 1035 1533 1100 miror

358 1162 455 1224 quam
479 1162 595 1206 vanam
621 1142 814 1209 Aristoteles
840 1143 1054 1210 consumserit
1086 1165 1226 1228 operam.
1278 1142 1432 1222 Quaestio
1464 1146 1533 1208 crat

357 1248 589 1334 sophistarum,
614 1250 778 1335 quomodo
801 1248 942 1331 χαλκεύς
966 1250 1028 1317 dici
1053 1251 1198 1336 potuerit
1222 1274 1242 1317 a
1272 1253 1370 1336 poeta
1395 1252 1428 1333 (μ
1448 1254 1531 1333 432),

358 1358 414 1443 qui
440 1357 527 1423 idem
553 1359 664 1444 paucis
696 1362 771 1424 ante
799 1359 945 1425 uersibus
974 1360 1061 1441 (425)
1085 1355 1263 1441 χρυσοχόος
1290 1358 1460 1438 diceretm,
1492 1357 1531 1424 de

358 1489 423 1551 quo
445 1467 556 1552 paucis
581 1467 728 1533 versibus
755 1470 832 1553 post
851 1466 1058 1553 profiteretur
1081 1471 1194 1552 poeta:
1216 1463 1337 1552 χρυσὸν
1363 1459 1531 1549 εἰργάζετο

358 1576 454 1657 (435).
497 1572 773 1661 Respondendum
795 1576 891 1641 docet
911 1573 1112 1655 Aristoteles,
1133 1597 1336 1642 communem
1351 1595 1532 1641 sermonem

356 1681 452 1767 plane
473 1682 569 1747 simili
590 1683 716 1749 ratione
737 1683 887 1749 ferrarios
909 1683 1013 1749 dicere
1032 1678 1184 1762 χαλκέας
1226 1682 1406 1749 Homerum
1424 1683 1532 1767 ipsum

358 1789 475 1856 dixisse
491 1792 517 1872 (ι
532 1794 707 1869 391-394)
724 1791 777 1857 vel
796 1813 863 1856 non
884 1791 1075 1857 meminerat
1095 1791 1227 1857 omnino
1241 1790 1343 1875 (quod
1362 1789 1428 1855 illis
1449 1792 1532 1855 tem·

293 1897 346 1970 (⁵⁰)
358 1899 491 1984 poribus
512 1897 663 1964 facillime
684 1897 754 1964 fieri
775 1898 895 1984 potuit)
917 1899 967 1964 vel
987 1921 1054 1964 non
1075 1898 1232 1981 adhibuit,
1252 1898 1340 1983 quod
1359 1897 1533 1964 verendum

358 2011 427 2073 erat
447 2030 488 2073 ne
511 2007 623 2072 eadem
637 2006 785 2091 quaestio
808 2006 914 2072 denuo
937 2006 1138 2073 excitaretur.
1181 2007 1226 2073 At
1247 2006 1427 2073 communis
1446 2027 1533 2086 usus,

358 2115 399 2180 ad
425 2137 521 2199 quem
547 2117 703 2199 provocat
726 2114 953 2199 philosophus,
979 2118 1112 2181 tutusne
1144 2118 1213 2181 erat
1198 2114 1279 2180 tab
1306 2112 1457 2201 argutulo
1479 2135 1531 2179 so·

358 2220 485 2306 pbista?
518 2221 690 2288 Poterate
691 2222 813 2288 thunc
833 2225 872 2288 ut
891 2222 1038 2306 ineptum
1058 2223 1189 2289 reiicere
1209 2225 1243 2288 et
1263 2221 1482 2307 quaestione
1472 2244 1534 2287 nn·

358 2329 491 2413 plicare,
516 2331 600 2395 sicut
585 2328 793 2396 tProdicum
818 2329 915 2397 Plato
937 2329 1140 2396 cavillantem
1158 2330 1265 2397 facit
1256 2352 1290 2396 m
1311 2321 1459 2406 διινὸς’
1440 2326 1531 2418 ανήρ,

359 2438 446 2522 quod
469 2438 566 2524 vulgo
594 2438 806 2505 dicebatur.²⁵
846 2438 900 2504 An
927 2441 1016 2504 extra
1041 2437 1101 2505 hos
1129 2438 1348 2524 sophistarum
1374 2436 1534 2504 cancellos

358 2545 492 2611 meliora
512 2547 621 2612 attulit
641 2546 856 2613 Aristoteles?
892 2543 1038 2615 Nesciuit
1066 2547 1224 2633 explicare
1251 2542 1336 2624 θεὸς
1356 2537 1532 2633 αὐδήεσσα,

359 2675 458 2738 quare
473 2654 658 2720 coniectura
678 2653 848 2721 substituit
870 2645 1044 2742 οόδήεσσα,
1069 2655 1090 2719 1.
1113 2678 1139 2721 e.
1162 2676 1245 2739 qnae
1266 2653 1301 2719 in
1322 2657 1409 2720 terra
1430 2653 1534 2718 domi-

359 2761 469 2827 cilium
489 2761 598 2827 habet
639 2760 745 2827 Schol.
767 2784 784 2826 ε
805 2767 876 2830 334.
907 2784 926 2824 κ
952 2766 1020 2829 136.
1061 2761 1106 2827 Et
1127 2760 1206 2845 quid
1231 2782 1342 2827 censes
1371 2761 1410 2827 de
1444 2761 1533 2826 hoc?

359 2869 505 2956 increpat
524 2868 699 2936 Diomedes
718 2868 937 2936 Alexandrum
951 2871 1003 2952 (A
1020 2870 1096 2953 385)
1117 2861 1244 2948 τοξότα,
1266 2861 1429 2956 λωβητήρ,
1453 2864 1536 2955 κέρᾳ

360 2967 475 3060 ἀγλαό,
492 2977 757 3059 παρθενοπῖπαι
775 2968 1006 3064 Ἀριστοτέλης
1020 2971 1066 3058 δέ,
1080 2997 1176 3063 φασι,
1194 2975 1276 3065 κόρη
1290 2968 1419 3061 όμλαόν
1442 2965 1536 3040 εἶπεν

360 3079 430 3150 ἀντὶ
449 3086 510 3149 τοῦ
532 3076 653 3171 αλδοίῳ
675 3086 929 3170 σεμνυνόμενον,
952 3079 1009 3150 eut
1029 3081 1181 3150 τοιούτου
1208 3079 1452 3170 σημαινομένου
1478 3080 1537 3171 τὴν

360 3188 450 3272 λέξιν
478 3187 605 3269 ἐκεῖνος
631 3190 758 3280 νοήσας.
768 3194 798 3237 ²⁶
846 3194 974 3261 Addam
1004 3192 1097 3274 haec,
1126 3216 1322 3279 quamquam
1347 3215 1414 3260 non
1439 3192 1536 3278 plane

311 3308 344 3361 42
362 3301 402 3368 ad
422 3301 508 3367 idem
531 3322 634 3387 genus
653 3302 831 3387 pertinent:
857 3305 890 3365 Φ
910 3308 972 3373 252
994 3293 1107 3367 αἰετοῦ
1127 3340 1169 3351 -
1188 3296 1334 3384 μέλανος
1351 3302 1411 3367 τοῦ
1431 3304 1538 3388 θηρη-

359 3412 477 3498 τῆροςι
494 3401 725 3494 Ἀριστοτέλης
741 3405 948 3491 μελανόστοο
970 3402 1197 3493 ἀναγινώσκει,
1221 3412 1281 3475 τοῦ
1301 3405 1431 3493 μέλανα
1453 3401 1538 3475 ὀστᾶ

397 3558 571 3566 ..--————r

427 3626 511 3683 3411ο
531 3642 583 3681 usu
600 3622 747 3680 Homerico
770 3640 830 3680 voc.
850 3617 969 3688 είδοςν
987 3625 1064 3683 Voss
1083 3624 1169 3680 adll.
1190 3627 1290 3680 4115.
1325 3623 1419 3680 sched
1441 3624 1503 3680 o1it.
1522 3626 1536 3679 I

409 3718 465 3770 176.

361 3734 390 3786 p
427 3797 511 3852 llDe
528 3812 580 3851 usu
598 3811 657 3851 voc
676 3784 772 3858 δεινός
790 3792 825 3848 cf.
844 3793 959 3849 Anstot
977 3793 1067 3865 probl
1086 3787 1444 3892 nvmc'<p.a1obso>.

428 3883 453 3925 2⁸
470 3880 556 3937 Hoc
548 3898 578 3935 m
595 3878 680 3935 schol.
698 3877 780 3933 Vsio
799 3877 914 3949 legitur:
937 3880 966 3950 (κ
968 3876 1032 3955 ἑρηι)
1050 3883 1086 3949 τῇ
1101 3896 1148 3948 τρι
1149 3874 1188 3948 χλ,
1207 3866 1281 3933 idea
1295 3879 1347 3933 καὶ
1365 3870 1400 3932 τό
1417 3877 1537 3947 κείρειν.

360 3958 555 4038 Ἀριστοτέλης
567 3954 643 4021 δὲ’
619 3984 644 4019 α
660 3967 704 4036 τῷ
719 3956 798 4036 τόξῳ
816 3956 1022 4031 σεμνονόμενε
1051 3961 1133 4029 Quod
1144 3980 1275 4018 mancum
1291 3963 1321 4018 et
1340 3960 1470 4016 mutilum
1488 3963 1538 4023 est,

362 4052 396 4108 ut
413 4067 447 4107 ex
463 4049 611 4106 Emtathio
629 4052 670 4122 (p.
689 4054 747 4114 851,
765 4050 811 4117 52)
831 4050 975 4118 patet.-
999 4066 1019 4104 κ
1037 4052 1085 4105 136
1103 4065 1155 4118 pro
1170 4039 1355 4119 Ἀρίσταρχος
1369 4045 1451 4103 scrib.
1465 4037 1538 4143 Ἀρι·

362 4132 509 4204 ττοτέλης.
544 4134 649 4190 Contra
665 4133 750 4191 schol.
767 4132 885 4188 Theocr
903 4133 967 4188 134
990 4121 1136 4204 ἔθειρα
1114 4153 1137 4204 ,η
1156 4134 1208 4202 τῆς
1222 4133 1351 4202 κεφαλῆς
1367 4125 1446 4217 3ρίξ
1465 4118 1538 4187 ider

360 4211 557 4292 Ἀριστοτέλης
577 4218 610 4275 ἐν
626 4207 742 4293 Ὁμήρῳ
764 4218 927 4288 ἔγραψεν,
929 4206 1107 4282 ‚eudaemus
1130 4212 1271 4286 ἐγένοντο
1292 4196 1442 4286 γενειάδες
1462 4214 1538 4285 ἀμφί

362 4301 442 4374 γένει
444 4310 494 4358 ον46
512 4306 545 4371 (π
565 4305 637 4374 173),
662 4299 716 4360 αλκ
733 4296 888 4371 ίθειρόδες
904 4300 958 4372 leg.
975 4294 1157 4373 Ἀρίσταρχος
1173 4300 1235 4369 <sed
1252 4319 1277 4355 v.
1295 4298 1369 4355 inira
1385 4299 1468 4370 adp.
1488 4303 1537 4354 115

362 4387 406 4443 ed
423 4388 471 4457 11>
