3425 4934
347 342 387 411 74
430 339 463 397 Π.
491 339 532 395 De
550 328 726 395 Aristotelian
742 337 942 394 vocabulorum
958 336 1168 395 Homericomm
1185 334 1424 408 interpretatione.

344 511 374 572 Σ
392 516 463 577 413.
487 515 519 575 Χ
539 517 584 576 11.
610 511 643 571 Ψ
662 514 731 576 245.
771 508 868 575 Hunc
889 508 1096 574 Homericum
1118 531 1210 574 usum
1230 505 1391 592 significet
1412 503 1512 570 schol.

344 615 443 702 Soph.
472 616 522 684 At.
545 622 619 697 896,
648 639 721 683 cum
743 616 834 684 dicit:
865 610 971 693 πόνος
996 610 1090 702 πόνῳ
1119 609 1225 680 πόνον
1245 610 1356 699 φέροιο
1383 606 1454 678 ἔστι
1473 609 1512 677 τὸ

343 721 404 805 μὲν
417 721 521 802 πόνος
537 716 632 810 πόνῳ
652 716 842 808 ἀρχαϊκὸν
855 715 902 801 ὡς
922 718 1018 808 ἔργον
1039 715 1091 789 ἐπ’
1115 716 1209 808 ἔργῳ.
1240 717 1279 788 τὸ
1302 717 1339 786 δὲ
1361 714 1514 804 (λειότερον

344 825 449 899 πόνον
469 835 587 909 κοινῶς
608 822 681 898 οἷον
702 825 860 913 κόματον.

425 938 495 1007 Nee
519 941 573 1006 hic
598 941 787 1006 substiterat
812 940 1031 1019 Aristarchus
1062 941 1119 1005 sed
1146 939 1314 1004 annotarit
1338 940 1512 1023 praeterea,

342 1048 514 1135 praecipue
536 1047 598 1114 dici
620 1048 659 1113 de
679 1047 789 1114 labore
810 1048 929 1114 bellico
951 1041 1150 1130 (πολεμικὸν
1169 1040 1283 1131 ἔργον),
1303 1069 1329 1110 v.
1352 1045 1392 1110 ed
1414 1049 1445 1106 Z
1463 1050 1512 1111 77.

344 1163 379 1220 N
396 1161 425 1224 2.
452 1159 484 1218 o
504 1161 575 1224 249.
605 1155 644 1221 oi.
666 1154 694 1220 B
716 1155 757 1220 ad
778 1159 809 1218 Τ
826 1161 895 1223 227.
936 1154 1025 1233 Quae
1046 1155 1211 1222 verissimo
1237 1158 1287 1220 est
1307 1156 1340 1218 et
1360 1152 1401 1218 ad
1421 1151 1511 1217 locos

343 1264 500 1351 quosdam
521 1267 608 1329 reete
628 1261 859 1348 intelligendos
880 1264 1050 1330 utilissime
1072 1262 1263 1339 observatio,
1288 1284 1315 1327 e.
1337 1282 1368 1347 g.
1389 1262 1419 1323 E
1437 1265 1497 1327 667

344 1373 399 1457 qui
431 1372 522 1439 locus
548 1370 636 1436 haud
662 1374 747 1436 recte
774 1371 930 1456 accipitur
959 1371 999 1435 ab
1027 1370 1185 1437 omnibus.
1233 1367 1399 1435 Invenitur
1425 1368 1510 1432 idem

341 1502 419 1546 usus
441 1481 567 1565 (prosae
582 1480 753 1564 scriptores
768 1479 814 1544 sic
834 1482 971 1544 utuntur
990 1477 1148 1544 vocabulo
1170 1470 1274 1561 ἔργον,
1296 1476 1415 1561 dequo
1431 1475 1512 1541 dixit

340 1587 545 1652 Hermennus
571 1585 706 1652 adbuc.
735 1586 774 1652 de
800 1607 921 1651 consor.
949 1584 980 1650 h.
1005 1608 1036 1670 p.
1061 1586 1131 1668 159)
1159 1584 1244 1669 apud
1272 1583 1353 1649 alios
1380 1604 1510 1668 qnoque

341 1694 492 1780 antiquos
511 1697 626 1778 poetas
646 1698 685 1759 ut
705 1693 780 1759 Hes.
796 1693 921 1781 Theog.
944 1697 1003 1761 881
1026 1694 1065 1759 de
1086 1692 1240 1758 Titanum
1260 1689 1382 1777 proelio
1405 1682 1509 1771 αὐτὰρ

340 1796 417 1866 ἐπεὶ
441 1804 483 1885 ῥα
508 1793 616 1867 πόνον
640 1795 789 1887 μάκαρες
817 1797 897 1866 θεοὶ
925 1794 1144 1879 ἐξετέλεσσαν.
1191 1798 1338 1884 Theogn.
1360 1802 1419 1866 981
1432 1794 1509 1891 βοΐ.

340 1910 413 1992 (987
433 1909 504 1995 Βο.)
529 1901 602 1976 οὐδ’
625 1909 740 1975 ἵππιον
762 1904 847 1998 ὁρμὴ
867 1902 994 1993 γίνεται
1015 1898 1176 1993 ὠκυτέρη,
1206 1906 1246 1971 αλ
1263 1928 1298 1970 τι
1319 1926 1382 1986 περ
1404 1895 1511 1985 ἀνδρα

339 2010 479 2103 φέρουσι
494 2013 677 2102 δορυσσόον
696 2011 744 2095 οἷς
764 2011 870 2084 πόνον
891 2010 1029 2099 ἀνδρῶν.
1067 2015 1113 2083 ef.
1133 2014 1254 2082 Simon.
1275 2013 1332 2079 XX
1347 2011 1414 2079 esf.
1447 2012 1510 2076 nr-

338 2125 420 2191 ravit
440 2124 612 2192 Pessovius
639 2148 711 2191 eum
733 2125 813 2191 dixit
833 2125 978 2190 dolorem
999 2123 1172 2209 significari
1197 2128 1229 2185 T
1242 2128 1312 2190 227.
1342 2125 1374 2184 Φ
1394 2124 1455 2189 525
1477 2123 1511 2186 et

338 2233 411 2299 eliis
430 2233 518 2299 locis.
557 2232 674 2318 Neque
702 2234 788 2299 enim
814 2233 869 2298 alii
890 2232 954 2298 loci
973 2235 1050 2297 sunt
1071 2235 1104 2297 et
1129 2235 1161 2292 Τ
1178 2236 1238 2297 227
1261 2228 1439 2295 certissima
1460 2233 1510 2294 est

338 2342 532 2428 significatio
553 2340 803 2408 laboris'bellici
821 2364 851 2407 v.
870 2340 955 2406 belli.
995 2343 1027 2402 Φ
1041 2344 1101 2407 525
1124 2327 1170 2415 ἀλς
1186 2329 1337 2416 Ἀχιλεὺς
1361 2331 1511 2418 Τρώεσσι

338 2444 444 2515 πόνον
470 2446 529 2514 καὶ
551 2440 640 2536 κήδε’
667 2442 789 2534 ἔθηκεν
813 2448 893 2513 item
919 2448 1040 2513 dictum
1065 2450 1102 2512 ut
1131 2440 1237 2511 πόνον
1264 2435 1291 2508 ι’
1315 2439 1429 2527 ἐχέμεν
1453 2441 1511 2509 καὶ

339 2550 430 2636 όῖζόν
455 2557 615 2638 ,laborem
642 2561 676 2622 et
701 2549 854 2633 lnct'um“;
886 2556 951 2621 imo
977 2556 1031 2620 hio
1061 2576 1171 2619 versus
1200 2575 1273 2618 cum
1300 2553 1510 2618 antecedente

339 2664 537 2750 compositus
551 2666 636 2728 πᾶσι
651 2655 684 2728 δ’
707 2657 811 2749 ἔθηκε
833 2664 923 2748 (urbs
937 2663 1086 2727 incendio
1102 2664 1260 2747 correpte)
1283 2654 1398 2736 πόνον,
1422 2658 1509 2724 πολ-

337 2771 428 2837 λοῖσι
449 2767 486 2837 δὲ
507 2764 595 2860 κήδε’
619 2767 743 2859 ἐφῆκεν
762 2772 810 2837 ita
824 2770 964 2836 declarat
985 2769 1146 2849 „laborem
1161 2774 1194 2834 et
1207 2769 1346 2833 luctum*
1365 2768 1508 2847 indicari,

337 2886 375 2947 ut
400 2881 427 2947 si
449 2881 530 2947 illud
556 2880 690 2946 dubium
716 2883 815 2961 esset,
843 2878 907 2943 hoo
933 2877 1005 2944 loco
1033 2877 1283 2942 confirmaretur.
1323 2877 1507 2956 „Omnibus

337 2992 435 3075 poeta
459 2989 580 3074 inquit,
606 2987 793 3053 incendium
816 2987 961 3053 laborem
988 2988 1089 3059 creat,
1116 2984 1225 3050 multis
1252 2985 1403 3070 (quorum
1422 2986 1508 3069 peri-
1590 2992 1592 2994 ’

338 3100 471 3162 mnntnr
483 3096 571 3161 bona
591 3095 643 3161 vel
664 3094 795 3180 cognati
816 3096 964 3178 pereunt)
986 3114 1176 3158 maerorem:
1198 3092 1244 3157 sic
1258 3092 1401 3157 Achilles
1423 3096 1510 3157 atro·

291 3219 323 3269 ‘14
341 3205 421 3270 citer
433 3204 593 3289 ingruens*
603 3201 752 3267 Troianis
767 3200 917 3266 omnibus
931 3199 1085 3276 laborem,
1102 3199 1213 3266 multis
1227 3200 1371 3285 (propter
1385 3222 1510 3267 amores

274 3309 329 3380 (⁸⁸)
341 3313 542 3392 interemtos)
567 3310 691 3375 luctum
721 3308 865 3375 creavit‘.
913 3307 963 3373 De
994 3330 1059 3374 nno
1090 3307 1163 3373 loco
1194 3308 1308 3373 vellem
1338 3306 1510 3373 Passovins

338 3418 532 3485 sententiam
564 3439 656 3481 snam
684 3415 829 3497 dixisset,
867 3417 922 3501 qui
948 3415 1074 3481 videtur
1103 3415 1207 3481 adhuc
1232 3439 1252 3480 a
1277 3416 1510 3481 recentioribus

340 3527 490 3593 omnibus
510 3546 624 3609 perum
645 3522 829 3589 intellectus
852 3545 931 3589 esse.
969 3523 1031 3588 Est
1053 3526 1080 3586 B
1101 3529 1161 3591 289
1183 3547 1253 3610 sqq.

421 3632 533 3699 Ulixes
554 3632 834 3717 Agamemnonem
854 3631 1020 3717 appellans
1041 3654 1140 3710 nunc,
1160 3633 1276 3716 inquit,
1298 3631 1512 3718 ignominiam

339 3741 399 3805 tibi
413 3745 528 3825 perant
542 3738 658 3805 Achivi
672 3738 778 3824 neque
799 3738 976 3824 perficient,
1001 3740 1088 3824 quod
1108 3739 1172 3804 huo
1192 3740 1329 3825 profecti
1349 3740 1511 3806 sustinne·
1551 3778 1555 3785 ·

337 3851 426 3914 runt:
454 3848 589 3933 eupiunt
610 3847 698 3913 enim
718 3847 783 3913 iam
805 3847 927 3913 redire:

505 3950 589 4019 ὥστε
609 3952 671 4037 γὰρ
693 3945 851 4041 ἢπαῖόες
871 3949 985 4035 νεαροὶ
1002 3947 1102 4039 χῆραί
1120 3976 1156 4018 σε
1177 3954 1326 4037 γυναῖκες

507 4054 704 4151 ἀλλήλοισιν
725 4054 903 4143 ὀδύρονται
922 4050 1055 4127 οἶκόνδε
1075 4058 1224 4126 νέεσθαι.

505 4159 526 4256 ἦ
547 4160 691 4256 γῆνκαὶ
713 4162 817 4246 πόνος
839 4165 926 4235 ἐστὶν
947 4162 1132 4255 ἀνιηθέντα
1155 4164 1302 4233 νέεσθαι.

338 4278 370 4345 h.
393 4299 419 4343 e.
442 4278 612 4357 „nimirum
637 4276 802 4342 laboribus
832 4277 999 4363 fungimur
1026 4283 1064 4342 ut
1088 4278 1222 4343 moleste
1243 4277 1383 4344 ferentes
1409 4279 1511 4345 redire

339 4383 500 4449 velimus.“
543 4383 628 4462 Quid
649 4384 693 4449 sit
712 4374 735 4470 ἦ
755 4382 821 4470 μὴν
841 4378 901 4448 καί
927 4385 1113 4451 discendum
1136 4407 1175 4450 ex
1197 4388 1214 4446 1
1235 4391 1287 4465 57,
1313 4386 1370 4452 ubi
1390 4385 1513 4452 Nestor
