3425 4934
381 313 442 378 220
563 306 610 363 ΙΠ.
637 306 678 364 De
696 306 850 363 Aristarchi
866 308 984 365 scientia
1000 307 1179 381 antiquitatis
1195 312 1366 370 Homericae.

381 466 489 558 ρικός,
514 475 656 543 eiusdem
677 473 880 562 προτατικὸν
906 475 993 563 πρὸς
1012 473 1202 563 Πολύβιον,
1233 486 1271 549 ut
1299 483 1408 566 potius
1432 481 1552 548 libmm

383 585 547 670 scripserit
567 578 768 667 προτατικοί,
797 587 889 653 cuius
910 587 1031 673 singuli
1051 587 1127 653 libri
1149 588 1286 674 singulis
1307 589 1383 654 viris
1404 590 1553 674 inscripti

380 692 510 758 fuerint.
540 730 575 741 —
609 692 811 761 Soteridas
837 733 877 742 —
903 718 945 760 an
972 693 1168 776 Socratidus,
1198 694 1287 764 Suid
1313 692 1482 784 Παμφίλη
1510 735 1553 745 -

381 801 515 866 meritus
537 801 733 886 Pamphilae,
755 802 883 888 scripsit
905 796 1262 890 ζνμήσειςὋμηρικύς,
1281 804 1361 872 suid
1378 828 1402 870 s.
1417 828 1447 871 v.
1461 805 1553 871 Vixit

382 908 483 992 igitur
517 907 577 973 sub
608 907 753 986 Nerone;
787 910 868 976 haee
903 912 988 976 enim
1017 911 1205 998 Pamphilae
1242 915 1337 978 setas
1365 916 1415 978 est
1445 911 1553 994 (Phot.

382 1039 413 1101 p.
439 1016 521 1084 1191>
539 1021 579 1085 39
600 1016 671 1101 Be.)
693 1054 732 1064 —
754 1017 955 1106 Diogenes
977 1019 1159 1100 Tarsensis,
1180 1016 1354 1106 γεγραφώς
1374 1015 1452 1101 περὶ
1472 1042 1553 1083 ποι-

381 1125 504 1210 ητικῶν
525 1118 726 1211 ζητημάτων,
752 1115 776 1190 dl
796 1119 887 1190 λύειν
906 1122 1076 1218 ἐπιχειρεῖ,
1100 1127 1197 1214 Diog.
1217 1127 1273 1196 Ira.
1287 1127 1335 1195 VI
1349 1134 1399 1197 81.
1414 1162 1453 1172 -
1475 1128 1554 1194 He·

382 1233 572 1318 phaestio,
594 1234 649 1319 qui
670 1232 749 1301 Veri
769 1238 959 1320 praeceptor
978 1236 1049 1315 fuit,
1070 1237 1227 1317 κωμικῶν
1247 1227 1474 1323 ἆπορημύτων
1495 1231 1554 1301 λύ-

382 1361 451 1417 σεις
471 1345 505 1407 et
524 1338 683 1425 τραγικὰς
704 1333 823 1419 λύσεις,
841 1340 930 1410 Suid.
945 1382 985 1391 —
999 1344 1213 1429 Dionysius
1233 1343 1444 1428 Longinus,
1463 1345 1554 1410 cuius

383 1439 769 1535 ἆπορήματαὋμηρικύ
796 1448 913 1516 Suidas
941 1452 1210 1518 commemoravit.
1251 1451 1297 1517 Of.
1319 1451 1491 1517 Ruhnken.
1515 1453 1554 1518 de

382 1555 482 1641 Long.
497 1557 515 1641 ἓ
533 1564 585 1624 14;
607 1558 663 1641 qui
685 1579 758 1624 cum
779 1562 875 1643 putat
893 1580 975 1644 quae
992 1559 1030 1624 de
1050 1559 1195 1625 versibus
1211 1559 1405 1644 quibusdam
1418 1559 1553 1624 Homeri

383 1686 403 1729 a
422 1663 572 1750 Longino
593 1687 654 1749 pro
676 1665 793 1750 spuriis
813 1666 934 1732 habitis
955 1667 1110 1753 legimtur
1132 1668 1218 1752 apud
1239 1666 1389 1732 Eustath
1404 1690 1435 1752 p.
1451 1674 1500 1745 67,
1513 1673 1553 1736 λθ

385 1775 417 1836 et
438 1795 469 1856 p.
492 1778 559 1851 106,
580 1777 620 1841 36
642 1793 681 1837 ex
701 1772 765 1838 hoc
785 1773 869 1839 libro
890 1773 1033 1855 fluxisse,
1061 1775 1141 1840 mihi
1161 1795 1265 1840 errare
1288 1774 1423 1840 videtur.
1465 1774 1554 1840 Haec

385 1879 470 1944 enim
492 1879 654 1946 rhetorica
674 1885 751 1948 sunt
772 1885 806 1947 et
825 1882 859 1947 in
881 1882 965 1948 libro
987 1883 1127 1967 quodam
1148 1882 1308 1947 rhetorico
1330 1882 1437 1967 posita
1456 1882 1554 1946 irrisae

385 1986 597 2053 verisimilius.
639 1987 793 2054 Eiusdem
817 1989 958 2076 Longini
984 1989 1067 2056 liber
1091 2012 1111 2055 a
1136 1988 1236 2056 Suide
1260 1992 1445 2055 recensetur
1471 2011 1555 2069 προ-

383 2086 541 2181 βλήματα
558 2087 714 2183 (Ομήρου
735 2094 793 2161 καὶ
813 2090 924 2173 λύσεις
945 2092 980 2161 ἐν
1000 2092 1149 2181 βιβλίοις
1168 2090 1215 2180 pi:
1235 2101 1270 2162 et
1289 2097 1318 2161 is
1338 2118 1400 2183 ego
1415 2118 1481 2163 non
1497 2098 1556 2162 du-

384 2203 454 2268 bito
477 2204 555 2288 quin
576 2225 648 2270 oum
668 2204 776 2288 priore
796 2227 881 2271 unus
902 2205 1052 2290 idemque
1073 2204 1155 2270 liber
1175 2204 1286 2271 fuerit:
1307 2203 1364 2270 sed
1378 2225 1451 2269 oum
1465 2208 1556 2269 utro·

305 2291 308 2302 ¹
386 2331 448 2395 que
476 2310 573 2376 titulo
603 2310 657 2377 bic
683 2311 780 2392 liber,
806 2312 890 2377 sicut
916 2312 1116 2391 Aristotelis,
1143 2311 1412 2391 circumferretur,
1441 2310 1557 2378 Suidas

386 2417 540 2502 deceptus
562 2422 620 2484 est.
642 2419 912 2505 -Porphyrii
934 2411 1300 2505 ζητήματαὋμηρικύε
1324 2419 1380 2503 qui
1400 2417 1484 2482 liber
1496 2416 1557 2482 ho-

386 2525 437 2589 die
468 2528 585 2603 exstat,
618 2525 675 2591 sed
705 2526 898 2611 quibusdam
933 2528 1178 2613 quaestionibus
1213 2526 1357 2612 suppleri
1392 2526 1489 2591 debet
1518 2546 1557 2591 er

386 2631 517 2698 scholiis
538 2631 718 2699 Homericis
740 2634 810 2700 cod
829 2634 867 2702 B.
908 2633 998 2701 Idem
1019 2634 1217 2721 Porphyrius
1239 2635 1366 2720 scripsit
1390 2625 1557 2716 σύμμικτοι

388 2731 568 2828 ζητήματα,
591 2739 688 2819 Suid,
711 2746 745 2806 et
765 2739 996 2826 γραμματικὸς
1017 2735 1173 2825 ἀπορίας,
1196 2742 1238 2810 id.
1253 2778 1292 2788 —
1307 2740 1454 2807 Pertinet
1476 2762 1556 2825 quo-

388 2870 450 2934 qne
477 2848 565 2914 haud
594 2849 690 2916 dubie
721 2850 762 2914 ad
788 2849 851 2916 hoo
877 2871 981 2936 genus
1009 2852 1202 2937 scriptorum
1229 2850 1316 2936 quod
1337 2849 1372 2913 in
1394 2847 1495 2913 schol.
1517 2847 1556 2912 ud

388 2958 418 3019 Β
439 2961 500 3024 368
521 2961 788 3023 commemoratur
808 2952 1027 3022 Διονυσίου
1056 2959 1178 3042 (nescio
1200 2958 1303 3041 ouius)
1326 2948 1456 3042 ίίπυραι
1483 2977 1557 3021 nam

386 3063 449 3130 hoc
469 3085 532 3129 vor
553 3065 722 3150 significat.
751 3063 895 3132 Nicanor
914 3067 949 3131 in
970 3066 1069 3134 schol
1098 3069 1137 3129 A
1155 3072 1226 3135 166τ
1248 3060 1352 3142 ούτως
1372 3056 1557 3149 λυθήσεται
1679 3115 1680 3118 ,

385 3168 423 3238 τὸ
447 3167 482 3236 ἐν
501 3174 549 3257 τῷ
565 3166 661 3257 τόπῳ
683 3164 821 3255 ι’ίπορον.
859 3173 905 3240 cf.
923 3178 955 3236 Z
969 3178 1040 3242 326.
1070 3178 1104 3238 K
1124 3179 1194 3241 274.
1228 3175 1263 3236 X
1284 3177 1354 3241 208.
1380 3171 1487 3237 Tacts.
1508 3193 1555 3236 ex.

387 3279 425 3347 ll
446 3303 477 3365 p.
500 3288 549 3348 51.
586 3279 667 3347 Gell.
688 3279 765 3348 xvi
792 3287 819 3348 3
856 3280 914 3361 Et,
942 3282 1069 3366 opinor,
1101 3279 1358 3367 Hermogenis
1391 3274 1556 3363 περὶτῶν

306 3381 415 3466 (229)s'
443 3380 703 3473 προβλημάτων,
733 3387 793 3453 BV
823 3389 864 3454 ed
898 3391 929 3451 Φ
955 3393 1026 3457 363.
1055 3426 1095 3436 -
1123 3387 1337 3455 Herodiani
1365 3379 1554 3469 προτάσεις,

389 3517 524 3582 quarum
546 3495 724 3562 solutiones
746 3497 874 3582 scripsit
895 3496 992 3562 Orus
1013 3490 1137 3579 (λύσεις
1156 3490 1352 3579 προτάσεων
1371 3494 1437 3558 τῶν
1447 3488 1557 3579 Ἡρω-

389 3601 518 3680 dcccci,
543 3601 660 3686 suia),
689 3604 744 3689 qui
766 3604 907 3670 hominis
928 3604 1036 3670 studia
1056 3606 1210 3691 cognovit
1230 3602 1323 3669 facile
1345 3601 1500 3669 concedet
1519 3602 1557 3667 de

389 3711 537 3777 abnormi
557 3710 796 3798 orthographia,
814 3712 975 3797 prosodia,
994 3711 1153 3778 similibus
1173 3711 1272 3778 fuisse
1293 3710 1486 3797 propositus.
1514 3708 1558 3774 Et

390 3817 565 3883 concinunt
583 3817 766 3904 fragmenta
787 3818 887 3885 schol.
907 3821 940 3881 Ψ
957 3825 1027 3887 604.
1055 3818 1086 3882 Ω
1108 3824 1179 3888 657.
1192 3856 1235 3868 -
1252 3811 1357 3895 ούτως
1378 3804 1473 3902 εὗρον
1494 3811 1557 3900 ἐγὼ

390 3916 438 4001 είς
470 3921 529 4011 τὴν
566 3916 713 4010 ἀπορίαν
747 3924 805 3991 καί
835 3925 926 3991 λύσιν
964 3918 1162 4010 Εὐλογίου
1197 3924 1418 4006 σχολαστικοῦ
1451 3924 1557 4009 Etym.

390 4031 432 4098 M
455 4037 524 4113 638,
545 4038 595 4101 33.
617 4071 657 4080 -
678 4033 729 4098 Ex
747 4033 871 4099 Latinis
892 4033 955 4098 huc
975 4034 1116 4118 pertinet
1137 4032 1316 4098 Valerius
1336 4031 1497 4112 Probus,
1518 4031 1557 4096 de

392 4160 456 4223 quo
486 4138 619 4206 Sueten.
646 4139 762 4207 illustr.
789 4162 837 4226 gr.
865 4146 918 4208 24:
946 4138 1070 4220 „Nimis
1095 4161 1198 4225 pauca
1223 4144 1256 4205 et
1283 4140 1399 4225 exigua
1425 4137 1464 4203 dc
1486 4139 1558 4223 qui-

391 4247 527 4313 busdam
548 4247 681 4313 minutis
703 4247 955 4333 quaestiunculis
978 4248 1103 4313 edidit“.

327 4373 377 4425 224
476 4353 536 4419 His
569 4355 727 4421 absolutis
757 4356 938 4444 fragmenta
970 4357 1011 4424 ab
1040 4355 1133 4422 initio
1161 4354 1269 4440 posite
1297 4351 1559 4444 circumspiciam.
