3425 4934
392 318 454 382 274
842 311 889 367 IV·
913 311 1110 384 capracora

390 470 493 553 πόλις
520 471 708 555 Θεσσαλίας
735 470 805 544 άττό
833 473 994 557 Λύσωνος
1018 482 1078 545 τοῦ
1104 471 1251 555 Ἰάσονος
1280 472 1420 563 πατρός,
1456 466 1496 543 οὗ
1522 476 1562 543 τὸ

392 578 499 669 άνομα
516 582 575 649 διὰ
595 587 656 650 τοῦ
677 608 704 650 ω
726 579 945 655 κλίνεται...
966 580 1125 667 όξύτονον
1145 578 1184 652 τό
1200 578 1330 650 Aiacis.
1364 583 1406 649 τὰ
1431 583 1493 671 γὰρ
1515 578 1564 663 είς

391 716 438 758 ων
460 686 645 776 δισύλλαβα
666 688 724 759 ἐπὶ
745 690 877 760 πόλεων
898 686 1061 774 ὀξύνεται,
1087 686 1118 758 si
1137 689 1184 780 μὴ
1208 690 1390 780 διαστολὴν
1411 686 1482 773 ἔχοι
1502 715 1562 780 ση-

389 797 608 883 μαινομένου,
638 793 686 879 ιύς
708 799 747 870 τὸ
769 799 906 887 Κρότων
931 796 1122 886 βαρύνεται·
1151 792 1350 881 όξυνόιιενον
1373 797 1437 885 γάρ
1466 799 1564 887 δηλοῖ

391 902 551 997 ζωύφιον·
582 901 607 994 ἢ
632 912 817 997 χαρακτῆρι
841 902 1024 995 ὖπάγοιτο,
1059 903 1106 988 ὥς
1133 906 1172 975 τὸ
1196 899 1292 973 ’Ίτων
1318 905 1562 989 σνναπονεχθὲν

389 1019 437 1103 τῷ
454 1010 592 1100 Τρίτων,
610 1019 640 1080 Γ
639 1013 734 1081 σίτων
748 1018 829 1102 (εἰσ),
849 1011 972 1083 Βίτων·
995 1005 1068 1083 οἷον
1080 1009 1197 1097 Ἦιιύν,
1221 1007 1391 1100 Κραννιύν,
1416 1019 1446 1079 Γ
1443 1008 1558 1100 ορταίν,

391 1115 487 1188 Ναίν
502 1173 510 1189 .
525 1170 557 1188 ..
580 1120 651 1190 Nec
672 1124 786 1190 dubito
808 1126 888 1210 quin
909 1130 996 1192 recta
1017 1130 1168 1192 accentus
1191 1125 1289 1211 positi
1310 1125 1376 1190 sint
1396 1149 1447 1214 sp.
1467 1127 1560 1193 Eusb

389 1250 419 1318 p.
446 1236 521 1310 333,
548 1237 589 1299 24
616 1234 647 1295 Γ
645 1224 750 1316 νρτσίν
775 1231 878 1310 πόλις
905 1231 1121 1310 Θεσσαλίας.
1144 1282 1180 1302 ..
1202 1226 1278 1297 ’άπὸ
1306 1235 1365 1296 τοῦ
1390 1224 1562 1302 κτίσαντος

389 1331 494 1425 αὐτὴν
509 1332 681 1422 Γόρτωνος
701 1338 920 1425 (ο1.81ορ11.ε.
936 1343 988 1423 a).
1034 1332 1191 1418 Φαιστός,
1214 1340 1271 1405 sod
1290 1339 1387 1406 horos
1405 1339 1559 1412 Φαῖστος.

388 1442 508 1513 Ηθιοιὶ
529 1446 643 1514 Arcsd.
664 1470 695 1532 p.
717 1453 771 1526 79,
796 1454 834 1518 18
853 1446 893 1515 τὸ
919 1452 1066 1526 Φαῖστος
1085 1444 1144 1513 ἐπὶ
1161 1450 1222 1512 τοῦ
1246 1442 1357 1533 ἥρωος
1375 1441 1559 1530 βαρύνεται.

389 1553 500 1639 81ορ11.
537 1547 684 1632 Φαισιός
701 1551 814 1639 ,πόλις
838 1548 972 1642 Κρήτης
999 1548 1174 1636 ὀξυτόνως·
1212 1549 1251 1619 τὸ
1279 1551 1342 1638 γάρ
1376 1546 1560 1636 βαρύτονον

387 1655 512 1742 κύριον.
554 1661 602 1728 ef.
629 1661 722 1732 Euat.
748 1667 822 1745 313,
850 1670 898 1733 16.
950 1664 1096 1741 Φαῖστος
1120 1667 1171 1729 est
1196 1663 1293 1729 ctiam
1318 1661 1472 1747 scriptor,
1502 1660 1559 1745 qui

386 1769 516 1854 scripsit
535 1768 701 1850 Laconica,
722 1770 788 1836 acb
805 1770 898 1837 Pind.
922 1769 1015 1854 Pych.
1035 1768 1083 1836 IV
1103 1775 1153 1838 28.
1189 1769 1318 1837 clarum
1340 1773 1398 1847 esi,
1418 1768 1507 1853 quod
1524 1767 1558 1832 in

305 1886 378 1957 (288)
388 1877 610 1943 conditoribus
636 1877 735 1959 valet,
760 1878 822 1944 alia
848 1899 978 1964 quoque
1003 1878 1038 1944 in
1059 1878 1190 1963 propria
1209 1877 1354 1944 locorum
1374 1875 1559 1942 nominibus

387 2006 530 2050 consona
550 1986 673 2055 cadere.
707 1985 828 2052 Eadem
845 2008 928 2071 quas
942 1986 981 2052 de
996 1985 1129 2053 urbibus
1150 1985 1236 2052 dictu
1256 1988 1333 2051 suni
1353 1983 1439 2050 haud
1460 1982 1557 2048 dubie

387 2092 484 2157 otiam
506 2092 545 2158 do
566 2093 732 2159 montibus
752 2092 923 2178 fluviisque
940 2093 1058 2161 valent.
1094 2092 1148 2160 Sic
1163 2114 1282 2159 nomen
1296 2092 1388 2158 virile
1399 2084 1558 2179 Ἀλφειός

386 2200 478 2267 Euat.
499 2224 531 2286 p.
553 2207 622 2269 297.
657 2201 813 2269 Herodob.
835 2200 898 2266 VII
920 2207 990 2269 227.
1025 2200 1121 2267 Ρ1ιο1.
1139 2201 1212 2269 131)
1228 2206 1277 2282 32,
1298 2222 1358 2266 nec
1379 2220 1476 2266 causa
1496 2197 1557 2264 orit

387 2330 444 2374 cur
460 2308 618 2375 scribatur
634 2301 797 2395 Κάφισος,
820 2309 907 2393 quod
929 2309 1039 2374 notavi
1060 2330 1099 2374 cx
1119 2308 1205 2375 Plub
1219 2331 1272 2393 qu.
1292 2330 1382 2374 conv.
1396 2304 1475 2373 VIII
1488 2314 1508 2373 4
1523 2300 1559 2368 ε’.

385 2412 458 2480 Nisi
479 2415 653 2481 Boeotium
673 2418 841 2482 accentum
864 2416 960 2484 dicas.
1000 2408 1153 2503 Κηφισός
1176 2420 1226 2483 esb
1246 2415 1333 2501 apud
1353 2414 1473 2483 Herod.
1494 2410 1558 2479 VII

389 2528 455 2591 178.
478 2557 517 2568 -
539 2522 644 2589 Heros
665 2516 867 2605 Παρνασσός
886 2522 1024 2590 Pausan.
1045 2523 1075 2589 X
1096 2530 1124 2605 6,
1147 2533 1175 2593 1.

320 2758 369 2812 278
469 2741 491 2820 6
515 2745 561 2806 10.
603 2738 720 2804 Adhuc
745 2739 916 2805 maximam
945 2743 1070 2825 partem
1096 2741 1213 2806 versati
1243 2761 1354 2805 sumus
1380 2732 1415 2804 in
1442 2759 1557 2823 excep·

385 2845 539 2925 sionibus,
560 2867 625 2931 quo
647 2846 714 2913 iam
733 2847 829 2912 ardor
848 2848 996 2914 mutandi
1017 2851 1168 2913 accentus
1189 2847 1298 2933 aliquo
1320 2847 1418 2913 modo
1438 2846 1557 2912 rafin-

385 2956 511 3038 guetur.
552 2951 649 3019 Nunc
670 2953 710 3019 ad
732 2976 770 3019 ca
790 2956 979 3036 transimus,
1001 2977 1083 3040 quae
1104 2955 1253 3021 videntur
1274 2954 1421 3041 regulam
1441 2953 1555 3019 facere.

386 3060 451 3127 Sed
463 3061 517 3127 hic
531 3082 662 3146 quoquc
675 3061 876 3129 inveniemus
893 3063 1015 3129 nullam
1030 3085 1099 3130 esse
1113 3066 1237 3147 parbem
1253 3062 1331 3146 quin
1351 3062 1555 3148 exceptiones

385 3167 511 3235 babeat.

467 3276 493 3345 1.
535 3274 628 3342 Nihil
655 3279 765 3347 notius
791 3300 889 3364 quam
915 3278 1071 3347 adjectiva
1095 3278 1274 3364 composita
1300 3278 1336 3343 in
1363 3299 1415 3364 ης,
1439 3276 1495 3342 abi
1520 3277 1554 3341 in

384 3385 514 3471 propria
527 3388 706 3467 transcunt,
726 3390 896 3454 occentum
909 3385 1079 3453 retrahere.
1122 3386 1194 3452 Hoc
1208 3407 1312 3471 genus
1329 3384 1556 3472 fingendorum

383 3493 587 3577 propriorum
608 3497 675 3559 bam
696 3495 851 3563 usitatum
872 3494 935 3560 fuit
953 3498 991 3559 ub
1011 3494 1197 3560 sinb'otiam
1217 3494 1314 3560 huius
1335 3492 1458 3558 formae
1479 3513 1555 3577 pro·

384 3599 468 3684 pris,
500 3620 637 3685 quorum
664 3601 821 3668 adiccbiva
846 3596 882 3667 ib
913 3624 974 3668 usu
1002 3623 1068 3668 non
1093 3600 1237 3681 fuerunt,
1268 3605 1306 3667 ub
1328 3592 1554 3685 Ἀντισθένης,

384 3703 617 3794 Δημοσθένης,
635 3700 879 3797 Ἀριστοφάνης
892 3700 1171 3794 (Μεγαλοσσάκης
1184 3708 1336 3794 Apollon.
1348 3707 1410 3774 Rh.
1422 3705 1439 3773 Ι
1452 3709 1554 3789 1045).

384 3813 512 3901 Regula
531 3816 650 3882 madito
668 3816 709 3882 ab
730 3816 849 3885 Herod.
871 3816 986 3884 Arcad.
1007 3839 1038 3903 p.
1056 3823 1174 3897 27,17.
1207 3815 1373 3901 Moschop.
1391 3813 1462 3901 syll.
1480 3817 1556 3899 post

385 3917 539 4010 ἐντρυφᾷ.
578 3921 698 4005 (Schol.
718 3922 812 3990 Pind.
835 3924 884 3993 01.
905 3923 921 3990 l
943 3929 1006 4008 38.)
1042 3924 1133 3994 Eusb
1151 3947 1182 4010 p.
1206 3929 1275 3992 135.
1300 3932 1393 4002 1411,
1413 3929 1463 3991 40.
1485 3926 1555 3997 538.

385 4034 435 4099 30.
460 4036 553 4110 1424,
577 4038 627 4100 50.
653 4036 747 4112 1623,
768 4037 809 4100 58
835 4031 887 4115 (οἱ
912 4038 1000 4101 1067.
1025 4031 1103 4099 bob.
1129 4030 1398 4119 raguseorum).
1437 4028 1556 4094 Pecca-

383 4140 437 4201 λιιι
465 4136 501 4202 in
529 4137 581 4202 his
607 4159 841 4224 nonnunquam
866 4140 902 4203 in
927 4138 1034 4216 libris,
1060 4144 1098 4205 ub
1118 4139 1329 4227 Διξιφανοιῖς
1349 4136 1460 4222 Steph.
1481 4158 1505 4204 s.
1526 4157 1555 4202 v.

386 4237 509 4328 Φάρος.
548 4244 624 4311 Ιιιια.
646 4267 768 4311 consor.
788 4245 819 4312 h.
842 4252 882 4314 62
903 4246 938 4312 in
960 4247 1008 4312 ed.
1024 4244 1135 4313 Herm.
1173 4244 1394 4315 RecbeStrab.
1411 4242 1555 4312 1111792.

386 4342 559 4439 Τηλαυγής
584 4352 681 4438 Diog.
709 4352 763 4420 La.
788 4374 933 4441 prooem.
964 4361 1011 4423 15.
1038 4352 1133 4421 Phoc
1159 4359 1221 4423 438
1242 4353 1264 4421 b
1284 4358 1335 4423 30.
1384 4350 1487 4419 ProcI
1514 4351 1556 4417 sd
