<?xml version="1.0" encoding="UTF-8"?>
<!DOCTYPE html PUBLIC "-//W3C//DTD XHTML 1.0 Transitional//EN"
    "http://www.w3.org/TR/xhtml1/DTD/xhtml1-transitional.dtd">
<html xmlns="http://www.w3.org/1999/xhtml" xml:lang="en" lang="en">
 <head>
  <title>
</title>
<meta http-equiv="Content-Type" content="text/html;charset=utf-8" />
  <meta name='ocr-system' content='tesseract 3.04.00' />
  <meta name='ocr-capabilities' content='ocr_page ocr_carea ocr_par ocr_line ocrx_word'/>
</head>
<body>
  <div class='ocr_page' id='page_1' title='image "./dearistarchistu00ludwgoog/dearistarchistu00ludwgoog_0097.png"; bbox 0 0 3425 4934; ppageno 0'>
   <div class='ocr_carea' id='block_1_1' title="bbox 697 303 1329 380">
    <p class='ocr_par' dir='ltr' id='par_1_1' title="bbox 697 303 1329 380">
     <span class='ocr_line' id='line_1_1' title="bbox 697 303 1329 380; baseline -0.006 -15"><span class='ocrx_word' id='word_1_1' title='bbox 697 314 720 367; x_wconf 79' lang='grc' dir='ltr'><strong><em>δ.</em></strong></span> <span class='ocrx_word' id='word_1_2' title='bbox 744 303 836 365; x_wconf 70' lang='grc' dir='ltr'><strong><em>θύειν.</em></strong></span> <span class='ocrx_word' id='word_1_3' title='bbox 1290 318 1329 380; x_wconf 79' lang='lat'><strong><em>83</em></strong></span> 
     </span>
    </p>
   </div>
   <div class='ocr_carea' id='block_1_2' title="bbox 90 467 1395 4218">
    <p class='ocr_par' dir='ltr' id='par_1_2' title="bbox 165 467 1331 1312">
     <span class='ocr_line' id='line_1_2' title="bbox 165 467 1330 566; baseline 0.004 -25"><span class='ocrx_word' id='word_1_4' title='bbox 165 473 202 541; x_wconf 82' lang='grc' dir='ltr'><strong><em>τὸ</em></strong></span> <span class='ocrx_word' id='word_1_5' title='bbox 215 468 355 564; x_wconf 80' lang='grc' dir='ltr'><strong><em>σφάξαι,</em></strong></span> <span class='ocrx_word' id='word_1_6' title='bbox 378 470 436 540; x_wconf 81' lang='grc' dir='ltr'><strong><em>καὶ</em></strong></span> <span class='ocrx_word' id='word_1_7' title='bbox 448 497 486 540; x_wconf 93' lang='grc' dir='ltr'><strong><em>το</em></strong></span> <span class='ocrx_word' id='word_1_8' title='bbox 502 476 671 557; x_wconf 74' lang='grc' dir='ltr'><strong><em>θυμιᾶσαι</em></strong></span> <span class='ocrx_word' id='word_1_9' title='bbox 686 467 764 559; x_wconf 80' lang='grc' dir='ltr'><strong><em>παρ&gt;</em></strong></span> <span class='ocrx_word' id='word_1_10' title='bbox 777 468 921 566; x_wconf 81' lang='grc' dir='ltr'><em>Ὁμήρῳ.</em></span> <span class='ocrx_word' id='word_1_11' title='bbox 950 476 1004 543; x_wconf 83' lang='lat' dir='ltr'><strong><em>Sic</em></strong></span> <span class='ocrx_word' id='word_1_12' title='bbox 1017 479 1208 543; x_wconf 87' lang='lat' dir='ltr'><strong>Ammonius</strong></span> <span class='ocrx_word' id='word_1_13' title='bbox 1222 500 1253 563; x_wconf 93' lang='lat' dir='ltr'><strong><em>p.</em></strong></span> <span class='ocrx_word' id='word_1_14' title='bbox 1271 484 1330 546; x_wconf 85' lang='lat'><strong><em>132</em></strong></span> 
     </span>
     <span class='ocr_line' id='line_1_3' title="bbox 166 577 1328 671; baseline 0.001 -24"><span class='ocrx_word' id='word_1_15' title='bbox 166 577 290 671; x_wconf 80' lang='grc' dir='ltr'><strong><em>σφάξαι</em></strong></span> <span class='ocrx_word' id='word_1_16' title='bbox 311 582 369 648; x_wconf 82' lang='grc' dir='ltr'><strong><em>καὶ</em></strong></span> <span class='ocrx_word' id='word_1_17' title='bbox 389 586 496 647; x_wconf 85' lang='grc' dir='ltr'><strong><em>θᾶσαι</em></strong></span> <span class='ocrx_word' id='word_1_18' title='bbox 517 578 682 670; x_wconf 88' lang='grc' dir='ltr'><strong><em>διαφέρει.</em></strong></span> <span class='ocrx_word' id='word_1_19' title='bbox 710 586 817 649; x_wconf 84' lang='grc' dir='ltr'><strong><em>θῦσαι</em></strong></span> <span class='ocrx_word' id='word_1_20' title='bbox 833 580 894 667; x_wconf 82' lang='grc' dir='ltr'><strong><em>μὲν</em></strong></span> <span class='ocrx_word' id='word_1_21' title='bbox 915 579 976 669; x_wconf 93' lang='grc' dir='ltr'><strong><em>γάρ</em></strong></span> <span class='ocrx_word' id='word_1_22' title='bbox 998 579 1126 650; x_wconf 79' lang='grc' dir='ltr'><strong><em>ἔστιτὸ</em></strong></span> <span class='ocrx_word' id='word_1_23' title='bbox 1148 586 1328 666; x_wconf 89' lang='grc' dir='ltr'><strong><em>θυμιᾶσαι,</em></strong></span> 
     </span>
     <span class='ocr_line' id='line_1_4' title="bbox 166 684 1331 780; baseline -0.002 -25"><span class='ocrx_word' id='word_1_24' title='bbox 166 685 292 778; x_wconf 78' lang='grc' dir='ltr'><strong><em>σφάξαι</em></strong></span> <span class='ocrx_word' id='word_1_25' title='bbox 314 687 352 756; x_wconf 74' lang='grc' dir='ltr'><strong><em>δὲ</em></strong></span> <span class='ocrx_word' id='word_1_26' title='bbox 371 688 410 757; x_wconf 88' lang='grc' dir='ltr'><strong><em>τὸ</em></strong></span> <span class='ocrx_word' id='word_1_27' title='bbox 433 684 641 777; x_wconf 79' lang='grc' dir='ltr'><strong><em>λερουργῆσαί</em></strong></span> <span class='ocrx_word' id='word_1_28' title='bbox 659 712 693 756; x_wconf 89' lang='grc' dir='ltr'><strong><em>τι</em></strong></span> <span class='ocrx_word' id='word_1_29' title='bbox 715 688 808 770; x_wconf 87' lang='grc' dir='ltr'><strong><em>ζώον.</em></strong></span> <span class='ocrx_word' id='word_1_30' title='bbox 844 687 901 758; x_wconf 78' lang='grc' dir='ltr'><strong><em>καὶ</em></strong></span> <span class='ocrx_word' id='word_1_31' title='bbox 915 687 1063 779; x_wconf 71' lang='grc' dir='ltr'><strong><em>’Όμηρος</em></strong></span> <span class='ocrx_word' id='word_1_32' title='bbox 1082 687 1140 778; x_wconf 77' lang='grc' dir='ltr'><strong><em>τὴν</em></strong></span> <span class='ocrx_word' id='word_1_33' title='bbox 1162 688 1331 780; x_wconf 84' lang='grc' dir='ltr'><strong><em>διαφορὰν</em></strong></span> 
     </span>
     <span class='ocr_line' id='line_1_5' title="bbox 165 791 1331 886; baseline 0 -24"><span class='ocrx_word' id='word_1_34' title='bbox 165 794 352 886; x_wconf 77' lang='grc' dir='ltr'><strong><em>τετήρηκαν,</em></strong></span> <span class='ocrx_word' id='word_1_35' title='bbox 384 793 489 875; x_wconf 73' lang='grc' dir='ltr'><strong><em>οὕτως</em></strong></span> <span class='ocrx_word' id='word_1_36' title='bbox 513 794 575 880; x_wconf 83' lang='grc' dir='ltr'><strong><em>μδν</em></strong></span> <span class='ocrx_word' id='word_1_37' title='bbox 600 800 708 864; x_wconf 86' lang='grc' dir='ltr'><strong><em>θᾶσαι</em></strong></span> <span class='ocrx_word' id='word_1_38' title='bbox 729 792 833 864; x_wconf 79' lang='grc' dir='ltr'><strong><em>εἰπὼν</em></strong></span> <span class='ocrx_word' id='word_1_39' title='bbox 860 800 1001 879; x_wconf 87' lang='grc' dir='ltr'><strong><em>,,θεοῖσι</em></strong></span> <span class='ocrx_word' id='word_1_40' title='bbox 1023 794 1060 864; x_wconf 74' lang='grc' dir='ltr'><strong><em>δὲ</em></strong></span> <span class='ocrx_word' id='word_1_41' title='bbox 1081 800 1188 864; x_wconf 82' lang='grc' dir='ltr'><strong><em>θῦσαι</em></strong></span> <span class='ocrx_word' id='word_1_42' title='bbox 1209 791 1331 882; x_wconf 87' lang='grc' dir='ltr'><strong><em>ᾶνώγει</em></strong></span> 
     </span>
     <span class='ocr_line' id='line_1_6' title="bbox 167 894 1331 996; baseline 0 -26"><span class='ocrx_word' id='word_1_43' title='bbox 167 943 203 953; x_wconf 98' lang='grc'><strong>-</strong></span> <span class='ocrx_word' id='word_1_44' title='bbox 224 900 381 993; x_wconf 73' lang='grc' dir='ltr'><strong><em>θυηλάς“</em></strong></span> <span class='ocrx_word' id='word_1_45' title='bbox 407 901 465 971; x_wconf 72' lang='grc' dir='ltr'><strong><em>ἐπὶ</em></strong></span> <span class='ocrx_word' id='word_1_46' title='bbox 488 908 549 971; x_wconf 85' lang='grc' dir='ltr'><strong><em>τού</em></strong></span> <span class='ocrx_word' id='word_1_47' title='bbox 569 908 750 988; x_wconf 87' lang='grc' dir='ltr'><strong><em>θυμιᾶσαι,</em></strong></span> <span class='ocrx_word' id='word_1_48' title='bbox 773 901 902 996; x_wconf 89' lang='grc' dir='ltr'><strong><em>σφάξαι</em></strong></span> <span class='ocrx_word' id='word_1_49' title='bbox 924 902 1020 971; x_wconf 67' lang='lat'><strong><em>‹53⁴⁹-</em></strong></span> <span class='ocrx_word' id='word_1_50' title='bbox 1042 894 1112 986; x_wconf 81' lang='grc' dir='ltr'><strong><em>,,αύ</em></strong></span> <span class='ocrx_word' id='word_1_51' title='bbox 1133 900 1251 988; x_wconf 73' lang='grc' dir='ltr'><strong><em>ἔρυσαν</em></strong></span> <span class='ocrx_word' id='word_1_52' title='bbox 1270 900 1331 988; x_wconf 76' lang='grc' dir='ltr'><strong><em>μὲν</em></strong></span> 
     </span>
     <span class='ocr_line' id='line_1_7' title="bbox 166 1007 1330 1102; baseline 0.003 -25"><span class='ocrx_word' id='word_1_53' title='bbox 166 1014 280 1097; x_wconf 85' lang='grc' dir='ltr'><strong><em>πρώτα</em></strong></span> <span class='ocrx_word' id='word_1_54' title='bbox 301 1010 359 1079; x_wconf 79' lang='grc' dir='ltr'><strong><em>καί</em></strong></span> <span class='ocrx_word' id='word_1_55' title='bbox 379 1008 527 1101; x_wconf 74' lang='grc' dir='ltr'><strong><em>ἔσφαξαν</em></strong></span> <span class='ocrx_word' id='word_1_56' title='bbox 548 1010 604 1078; x_wconf 82' lang='grc' dir='ltr'><strong><em>καὶ</em></strong></span> <span class='ocrx_word' id='word_1_57' title='bbox 623 1007 780 1098; x_wconf 55' lang='grc' dir='ltr'><strong><em>ἔδειραν(</em></strong></span> <span class='ocrx_word' id='word_1_58' title='bbox 801 1016 856 1102; x_wconf 86' lang='lat' dir='ltr'><strong><em>&lt;A</em></strong></span> <span class='ocrx_word' id='word_1_59' title='bbox 877 1015 964 1100; x_wconf 75' lang='lat'>459).</span> <span class='ocrx_word' id='word_1_60' title='bbox 1006 1014 1135 1082; x_wconf 84' lang='lat' dir='ltr'><strong>Bekksr</strong></span> <span class='ocrx_word' id='word_1_61' title='bbox 1154 1014 1217 1080; x_wconf 85' lang='lat' dir='ltr'><strong><em>An.</em></strong></span> <span class='ocrx_word' id='word_1_62' title='bbox 1238 1036 1269 1099; x_wconf 92' lang='lat' dir='ltr'><strong><em>p.</em></strong></span> <span class='ocrx_word' id='word_1_63' title='bbox 1290 1019 1330 1081; x_wconf 92' lang='grc'><strong><em>42</em></strong></span> 
     </span>
     <span class='ocr_line' id='line_1_8' title="bbox 166 1113 636 1199; baseline 0 -14"><span class='ocrx_word' id='word_1_64' title='bbox 166 1123 270 1186; x_wconf 81' lang='grc' dir='ltr'><strong><em>θᾶσαι</em></strong></span> <span class='ocrx_word' id='word_1_65' title='bbox 292 1113 366 1186; x_wconf 75' lang='grc' dir='ltr'><strong><em>ἀντὶ</em></strong></span> <span class='ocrx_word' id='word_1_66' title='bbox 385 1124 445 1187; x_wconf 84' lang='grc' dir='ltr'><strong><em>τοῦ</em></strong></span> <span class='ocrx_word' id='word_1_67' title='bbox 466 1123 636 1199; x_wconf 84' lang='grc' dir='ltr'><strong><em>θυμιᾶσαι</em></strong></span> 
     </span>
     <span class='ocr_line' id='line_1_9' title="bbox 785 1221 1229 1312; baseline -0.005 -18"><span class='ocrx_word' id='word_1_68' title='bbox 785 1231 898 1295; x_wconf 89' lang='grc' dir='ltr'><strong><em>θεοῖσι</em></strong></span> <span class='ocrx_word' id='word_1_69' title='bbox 924 1227 961 1295; x_wconf 80' lang='grc' dir='ltr'><strong><em>δὲ</em></strong></span> <span class='ocrx_word' id='word_1_70' title='bbox 981 1233 1088 1296; x_wconf 81' lang='grc' dir='ltr'><strong><em>θᾶσαι</em></strong></span> <span class='ocrx_word' id='word_1_71' title='bbox 1108 1221 1229 1312; x_wconf 87' lang='grc' dir='ltr'><strong><em>άνώγει</em></strong></span> 
     </span>
    </p>

    <p class='ocr_par' dir='ltr' id='par_1_3' title="bbox 90 1325 1395 2390">
     <span class='ocr_line' id='line_1_10' title="bbox 267 1325 1230 1424; baseline 0.002 -26"><span class='ocrx_word' id='word_1_72' title='bbox 267 1328 468 1420; x_wconf 88' lang='grc' dir='ltr'><strong><em>Πάτροκλον</em></strong></span> <span class='ocrx_word' id='word_1_73' title='bbox 488 1325 525 1400; x_wconf 85' lang='grc' dir='ltr'><strong><em>δν</em></strong></span> <span class='ocrx_word' id='word_1_74' title='bbox 547 1330 689 1419; x_wconf 82' lang='grc' dir='ltr'><strong><em>ἑταῖρον·</em></strong></span> <span class='ocrx_word' id='word_1_75' title='bbox 710 1329 728 1402; x_wconf 83' lang='grc' dir='ltr'><strong><em>δ</em></strong></span> <span class='ocrx_word' id='word_1_76' title='bbox 751 1330 783 1401; x_wconf 82' lang='grc' dir='ltr'><strong><em>δ’</em></strong></span> <span class='ocrx_word' id='word_1_77' title='bbox 808 1333 843 1402; x_wconf 86' lang='grc' dir='ltr'><strong><em>έν</em></strong></span> <span class='ocrx_word' id='word_1_78' title='bbox 865 1334 945 1422; x_wconf 81' lang='grc' dir='ltr'><strong><em>πυρὶ</em></strong></span> <span class='ocrx_word' id='word_1_79' title='bbox 965 1331 1070 1420; x_wconf 79' lang='grc' dir='ltr'><strong><em>βάλλε</em></strong></span> <span class='ocrx_word' id='word_1_80' title='bbox 1090 1332 1230 1424; x_wconf 75' lang='grc' dir='ltr'><strong><em>θυηλάς,</em></strong></span> 
     </span>
     <span class='ocr_line' id='line_1_11' title="bbox 166 1435 1395 1529; baseline 0.004 -22"><span class='ocrx_word' id='word_1_81' title='bbox 166 1438 255 1526; x_wconf 86' lang='grc' dir='ltr'><strong><em>λέγει</em></strong></span> <span class='ocrx_word' id='word_1_82' title='bbox 280 1437 318 1506; x_wconf 75' lang='grc' dir='ltr'><strong><em>δέ</em></strong></span> <span class='ocrx_word' id='word_1_83' title='bbox 338 1441 470 1527; x_wconf 79' lang='grc' dir='ltr'><strong><em>θυηλὰς</em></strong></span> <span class='ocrx_word' id='word_1_84' title='bbox 492 1440 554 1521; x_wconf 84' lang='grc' dir='ltr'><strong><em>τὰς</em></strong></span> <span class='ocrx_word' id='word_1_85' title='bbox 575 1435 727 1529; x_wconf 81' lang='grc' dir='ltr'><strong><em>ᾶπαρχὰς</em></strong></span> <span class='ocrx_word' id='word_1_86' title='bbox 749 1447 813 1509; x_wconf 89' lang='grc' dir='ltr'><strong><em>τών</em></strong></span> <span class='ocrx_word' id='word_1_87' title='bbox 837 1439 1030 1526; x_wconf 74' lang='grc' dir='ltr'><strong><em>τεθυμένων</em></strong></span> <span class='ocrx_word' id='word_1_88' title='bbox 1051 1437 1186 1528; x_wconf 71' lang='grc' dir='ltr'><strong><em>ἱερείων.</em></strong></span> <span class='ocrx_word' id='word_1_89' title='bbox 1218 1440 1276 1509; x_wconf 82' lang='grc' dir='ltr'><strong><em>καὶ</em></strong></span> <span class='ocrx_word' id='word_1_90' title='bbox 1296 1439 1395 1529; x_wconf 53' lang='lat' dir='ltr'><strong>irus)</strong></span> 
     </span>
     <span class='ocr_line' id='line_1_12' title="bbox 165 1542 1332 1642; baseline 0.005 -30"><span class='ocrx_word' id='word_1_91' title='bbox 165 1552 203 1638; x_wconf 77' lang='grc' dir='ltr'><strong><em>τῇ</em></strong></span> <span class='ocrx_word' id='word_1_92' title='bbox 227 1542 351 1636; x_wconf 81' lang='grc' dir='ltr'><strong><em>άρχαίρι</em></strong></span> <span class='ocrx_word' id='word_1_93' title='bbox 376 1547 537 1640; x_wconf 76' lang='grc' dir='ltr'><strong><em>κωμῳδίᾳ</em></strong></span> <span class='ocrx_word' id='word_1_94' title='bbox 561 1547 599 1618; x_wconf 87' lang='grc' dir='ltr'><strong><em>τὸ</em></strong></span> <span class='ocrx_word' id='word_1_95' title='bbox 628 1554 733 1617; x_wconf 81' lang='grc' dir='ltr'><strong><em>θῦσαι</em></strong></span> <span class='ocrx_word' id='word_1_96' title='bbox 760 1544 832 1617; x_wconf 79' lang='grc' dir='ltr'><strong><em>ᾶντὶ</em></strong></span> <span class='ocrx_word' id='word_1_97' title='bbox 859 1554 920 1617; x_wconf 84' lang='grc' dir='ltr'><strong><em>τοῦ</em></strong></span> <span class='ocrx_word' id='word_1_98' title='bbox 946 1555 1125 1642; x_wconf 83' lang='grc' dir='ltr'><strong><em>θυμιᾶσαι.</em></strong></span> <span class='ocrx_word' id='word_1_99' title='bbox 1171 1551 1218 1619; x_wconf 87' lang='lat' dir='ltr'><strong><em>Ib.</em></strong></span> <span class='ocrx_word' id='word_1_100' title='bbox 1239 1575 1270 1638; x_wconf 88' lang='lat' dir='ltr'><strong><em>p.</em></strong></span> <span class='ocrx_word' id='word_1_101' title='bbox 1292 1558 1332 1618; x_wconf 95' lang='grc'><strong><em>44</em></strong></span> 
     </span>
     <span class='ocr_line' id='line_1_13' title="bbox 90 1649 1332 1747; baseline 0.006 -28"><span class='ocrx_word' id='word_1_102' title='bbox 90 1664 95 1673; x_wconf 91' lang='grc'><strong>’</strong></span> <span class='ocrx_word' id='word_1_103' title='bbox 165 1649 324 1738; x_wconf 86' lang='grc' dir='ltr'><strong><em>ῖερώσονα</em></strong></span> <span class='ocrx_word' id='word_1_104' title='bbox 361 1654 403 1721; x_wconf 86' lang='grc' dir='ltr'><strong><em>τὰ</em></strong></span> <span class='ocrx_word' id='word_1_105' title='bbox 436 1661 506 1737; x_wconf 87' lang='grc' dir='ltr'><strong><em>τοῖς</em></strong></span> <span class='ocrx_word' id='word_1_106' title='bbox 536 1661 633 1736; x_wconf 82' lang='grc' dir='ltr'><strong><em>θεοῖς</em></strong></span> <span class='ocrx_word' id='word_1_107' title='bbox 665 1654 883 1747; x_wconf 72' lang='grc' dir='ltr'><strong><em>ἐξαιρούμενοι</em></strong></span> <span class='ocrx_word' id='word_1_108' title='bbox 915 1655 998 1746; x_wconf 83' lang='grc' dir='ltr'><strong><em>μέρη</em></strong></span> <span class='ocrx_word' id='word_1_109' title='bbox 1036 1656 1093 1725; x_wconf 79' lang='grc' dir='ltr'><strong><em>καί</em></strong></span> <span class='ocrx_word' id='word_1_110' title='bbox 1124 1653 1332 1741; x_wconf 85' lang='grc' dir='ltr'><strong><em>θυμιώμενα.</em></strong></span> 
     </span>
     <span class='ocr_line' id='line_1_14' title="bbox 160 1758 1332 1853; baseline 0.001 -24"><span class='ocrx_word' id='word_1_111' title='bbox 160 1758 311 1852; x_wconf 66' lang='grc' dir='ltr'><strong><em>’Όμηρος</em></strong></span> <span class='ocrx_word' id='word_1_112' title='bbox 330 1767 428 1831; x_wconf 82' lang='grc' dir='ltr'><strong><em>τοῦτο</em></strong></span> <span class='ocrx_word' id='word_1_113' title='bbox 448 1762 599 1832; x_wconf 80' lang='grc' dir='ltr'><strong><em>διδάσκει</em></strong></span> <span class='ocrx_word' id='word_1_114' title='bbox 619 1769 764 1853; x_wconf 85' lang='grc' dir='ltr'><strong><em>πρᾶτον·</em></strong></span> <span class='ocrx_word' id='word_1_115' title='bbox 792 1770 907 1833; x_wconf 87' lang='grc' dir='ltr'><strong><em>θεοῖσι</em></strong></span> <span class='ocrx_word' id='word_1_116' title='bbox 927 1764 964 1831; x_wconf 74' lang='grc' dir='ltr'><strong><em>δὲ</em></strong></span> <span class='ocrx_word' id='word_1_117' title='bbox 985 1771 1057 1834; x_wconf 69' lang='lat' dir='ltr'><strong>ceth</strong></span> <span class='ocrx_word' id='word_1_118' title='bbox 1093 1761 1249 1850; x_wconf 83' lang='grc' dir='ltr'><strong><em>βούλεται</em></strong></span> <span class='ocrx_word' id='word_1_119' title='bbox 1270 1764 1332 1851; x_wconf 89' lang='grc' dir='ltr'><strong><em>γὰρ</em></strong></span> 
     </span>
     <span class='ocr_line' id='line_1_15' title="bbox 165 1862 1332 1966; baseline 0.002 -31"><span class='ocrx_word' id='word_1_120' title='bbox 165 1866 271 1954; x_wconf 83' lang='grc' dir='ltr'><strong><em>λέγειν</em></strong></span> <span class='ocrx_word' id='word_1_121' title='bbox 294 1868 355 1948; x_wconf 83' lang='grc' dir='ltr'><strong><em>τὰς</em></strong></span> <span class='ocrx_word' id='word_1_122' title='bbox 381 1862 534 1954; x_wconf 86' lang='grc' dir='ltr'><strong><em>άπαρχᾶς</em></strong></span> <span class='ocrx_word' id='word_1_123' title='bbox 558 1876 623 1939; x_wconf 83' lang='grc' dir='ltr'><strong><em>τῶν</em></strong></span> <span class='ocrx_word' id='word_1_124' title='bbox 649 1871 684 1939; x_wconf 83' lang='grc' dir='ltr'><strong><em>έν</em></strong></span> <span class='ocrx_word' id='word_1_125' title='bbox 708 1877 748 1966; x_wconf 77' lang='grc' dir='ltr'><strong><em>τῇ</em></strong></span> <span class='ocrx_word' id='word_1_126' title='bbox 775 1867 897 1962; x_wconf 77' lang='grc' dir='ltr'><strong><em>εὐωχίᾳ</em></strong></span> <span class='ocrx_word' id='word_1_127' title='bbox 922 1871 1216 1960; x_wconf 84' lang='grc' dir='ltr'><strong><em>παρατιθεμένων,</em></strong></span> <span class='ocrx_word' id='word_1_128' title='bbox 1250 1869 1332 1956; x_wconf 85' lang='grc' dir='ltr'><strong><em>ὅπερ</em></strong></span> 
     </span>
     <span class='ocr_line' id='line_1_16' title="bbox 166 1972 1381 2073; baseline 0.007 -30"><span class='ocrx_word' id='word_1_129' title='bbox 166 1972 310 2043; x_wconf 78' lang='grc' dir='ltr'><strong><em>εἰώθασι</em></strong></span> <span class='ocrx_word' id='word_1_130' title='bbox 324 1982 446 2058; x_wconf 83' lang='grc' dir='ltr'><strong><em>ποιεῖν,</em></strong></span> <span class='ocrx_word' id='word_1_131' title='bbox 463 1976 544 2046; x_wconf 82' lang='grc' dir='ltr'><strong><em>ὅταν</em></strong></span> <span class='ocrx_word' id='word_1_132' title='bbox 556 1978 812 2068; x_wconf 79' lang='grc' dir='ltr'><strong><em>προσφέρωνται</em></strong></span> <span class='ocrx_word' id='word_1_133' title='bbox 824 1976 961 2073; x_wconf 85' lang='grc' dir='ltr'><strong><em>τροφήν.</em></strong></span> <span class='ocrx_word' id='word_1_134' title='bbox 983 1983 1101 2049; x_wconf 75' lang='lat' dir='ltr'><strong>Athen.</strong></span> <span class='ocrx_word' id='word_1_135' title='bbox 1110 1981 1169 2049; x_wconf 74' lang='lat' dir='ltr'><strong><em>Vr</em></strong></span> <span class='ocrx_word' id='word_1_136' title='bbox 1180 1982 1226 2066; x_wconf 81' lang='lat' dir='ltr'><strong><em>(p.</em></strong></span> <span class='ocrx_word' id='word_1_137' title='bbox 1238 1979 1331 2066; x_wconf 82' lang='lat' dir='ltr'>179b&gt;</span> <span class='ocrx_word' id='word_1_138' title='bbox 1350 2001 1381 2051; x_wconf 71' lang='lat'><strong><em>8³</em></strong></span> 
     </span>
     <span class='ocr_line' id='line_1_17' title="bbox 165 2080 1333 2177; baseline 0.001 -27"><span class='ocrx_word' id='word_1_139' title='bbox 165 2083 223 2151; x_wconf 84' lang='grc' dir='ltr'><strong><em>καὶ</em></strong></span> <span class='ocrx_word' id='word_1_140' title='bbox 246 2083 313 2172; x_wconf 83' lang='grc' dir='ltr'><strong><em>πρὸ</em></strong></span> <span class='ocrx_word' id='word_1_141' title='bbox 340 2089 399 2152; x_wconf 84' lang='grc' dir='ltr'><strong><em>τοῦ</em></strong></span> <span class='ocrx_word' id='word_1_142' title='bbox 419 2091 611 2154; x_wconf 90' lang='grc' dir='ltr'><strong><em>θοινᾶσθαι</em></strong></span> <span class='ocrx_word' id='word_1_143' title='bbox 633 2085 670 2155; x_wconf 74' lang='grc' dir='ltr'><strong><em>δὲ</em></strong></span> <span class='ocrx_word' id='word_1_144' title='bbox 695 2080 719 2154; x_wconf 67' lang='grc' dir='ltr'><strong><em>δι’</em></strong></span> <span class='ocrx_word' id='word_1_145' title='bbox 741 2090 792 2156; x_wconf 88' lang='grc' dir='ltr'><strong><em>δεῖ</em></strong></span> <span class='ocrx_word' id='word_1_146' title='bbox 812 2093 924 2156; x_wconf 82' lang='grc' dir='ltr'><strong><em>ποιεῖν</em></strong></span> <span class='ocrx_word' id='word_1_147' title='bbox 942 2085 1033 2177; x_wconf 80' lang='grc' dir='ltr'><strong><em>ἡμᾶς</em></strong></span> <span class='ocrx_word' id='word_1_148' title='bbox 1054 2084 1206 2154; x_wconf 88' lang='grc' dir='ltr'><strong><em>διδάσκει</em></strong></span> <span class='ocrx_word' id='word_1_149' title='bbox 1227 2081 1333 2152; x_wconf 86' lang='grc' dir='ltr'><strong><em>πάλιν</em></strong></span> 
     </span>
     <span class='ocr_line' id='line_1_18' title="bbox 158 2186 1334 2284; baseline 0 -25"><span class='ocrx_word' id='word_1_150' title='bbox 158 2188 320 2281; x_wconf 78' lang='grc' dir='ltr'><strong><em>Ὅμηρος,</em></strong></span> <span class='ocrx_word' id='word_1_151' title='bbox 348 2186 501 2282; x_wconf 79' lang='grc' dir='ltr'><strong><em>ἀπαρχάς</em></strong></span> <span class='ocrx_word' id='word_1_152' title='bbox 526 2198 591 2261; x_wconf 85' lang='grc' dir='ltr'><strong><em>τών</em></strong></span> <span class='ocrx_word' id='word_1_153' title='bbox 616 2192 801 2284; x_wconf 78' lang='grc' dir='ltr'><strong><em>βρωμάτων</em></strong></span> <span class='ocrx_word' id='word_1_154' title='bbox 826 2194 937 2281; x_wconf 88' lang='grc' dir='ltr'><strong><em>νέμειν</em></strong></span> <span class='ocrx_word' id='word_1_155' title='bbox 960 2200 1031 2276; x_wconf 85' lang='grc' dir='ltr'><strong><em>τοῖς</em></strong></span> <span class='ocrx_word' id='word_1_156' title='bbox 1057 2199 1161 2275; x_wconf 86' lang='grc' dir='ltr'><strong><em>θεοῖς.</em></strong></span> <span class='ocrx_word' id='word_1_157' title='bbox 1201 2190 1233 2261; x_wconf 81' lang='grc' dir='ltr'><strong><em>οῖ</em></strong></span> <span class='ocrx_word' id='word_1_158' title='bbox 1253 2197 1334 2280; x_wconf 81' lang='grc' dir='ltr'><strong><em>γοῦν</em></strong></span> 
     </span>
     <span class='ocr_line' id='line_1_19' title="bbox 166 2293 1333 2390; baseline 0.001 -26"><span class='ocrx_word' id='word_1_159' title='bbox 166 2300 242 2386; x_wconf 78' lang='grc' dir='ltr'><strong><em>περὶ</em></strong></span> <span class='ocrx_word' id='word_1_160' title='bbox 253 2297 313 2367; x_wconf 85' lang='grc' dir='ltr'><strong><em>τὸν</em></strong></span> <span class='ocrx_word' id='word_1_161' title='bbox 323 2293 497 2381; x_wconf 81' lang='grc' dir='ltr'><strong><em>Ὀδυσσέα,</em></strong></span> <span class='ocrx_word' id='word_1_162' title='bbox 520 2299 640 2389; x_wconf 87' lang='grc' dir='ltr'><strong><em>καίπερ</em></strong></span> <span class='ocrx_word' id='word_1_163' title='bbox 662 2295 753 2382; x_wconf 84' lang='grc' dir='ltr'><strong><em>ᾶνιες</em></strong></span> <span class='ocrx_word' id='word_1_164' title='bbox 772 2301 808 2370; x_wconf 80' lang='grc' dir='ltr'><strong><em>έν</em></strong></span> <span class='ocrx_word' id='word_1_165' title='bbox 827 2308 876 2390; x_wconf 79' lang='grc' dir='ltr'><strong><em>τῷ</em></strong></span> <span class='ocrx_word' id='word_1_166' title='bbox 896 2308 956 2371; x_wconf 81' lang='grc' dir='ltr'><strong><em>τοῦ</em></strong></span> <span class='ocrx_word' id='word_1_167' title='bbox 969 2297 1159 2381; x_wconf 86' lang='grc' dir='ltr'><strong><em>Κύκλωπος</em></strong></span> <span class='ocrx_word' id='word_1_168' title='bbox 1178 2297 1333 2390; x_wconf 76' lang='grc' dir='ltr'><strong><em>σπηλαίῳ</em></strong></span> 
     </span>
    </p>

    <p class='ocr_par' dir='ltr' id='par_1_4' title="bbox 166 2403 1334 2928">
     <span class='ocr_line' id='line_1_20' title="bbox 332 2403 1185 2499; baseline 0.005 -25"><span class='ocrx_word' id='word_1_169' title='bbox 332 2405 457 2475; x_wconf 75' lang='grc' dir='ltr'><strong><em>ἐνθάδε</em></strong></span> <span class='ocrx_word' id='word_1_170' title='bbox 475 2413 541 2496; x_wconf 87' lang='grc' dir='ltr'><strong><em>πᾶρ</em></strong></span> <span class='ocrx_word' id='word_1_171' title='bbox 561 2406 707 2490; x_wconf 82' lang='grc' dir='ltr'><strong><em>κείαντες</em></strong></span> <span class='ocrx_word' id='word_1_172' title='bbox 728 2408 907 2495; x_wconf 69' lang='grc' dir='ltr'><strong><em>ἐθύσαμεν,</em></strong></span> <span class='ocrx_word' id='word_1_173' title='bbox 931 2405 991 2499; x_wconf 80' lang='grc' dir='ltr'><strong><em>ἠδὲ</em></strong></span> <span class='ocrx_word' id='word_1_174' title='bbox 1011 2409 1069 2477; x_wconf 78' lang='grc' dir='ltr'><strong><em>καί</em></strong></span> <span class='ocrx_word' id='word_1_175' title='bbox 1089 2403 1185 2478; x_wconf 78' lang='grc' dir='ltr'><strong><em>αύτοὶ</em></strong></span> 
     </span>
     <span class='ocr_line' id='line_1_21' title="bbox 331 2510 805 2610; baseline 0.013 -29"><span class='ocrx_word' id='word_1_176' title='bbox 331 2520 435 2601; x_wconf 78' lang='grc' dir='ltr'><strong><em>τυρῶν</em></strong></span> <span class='ocrx_word' id='word_1_177' title='bbox 457 2510 628 2599; x_wconf 77' lang='grc' dir='ltr'><strong><em>αἰνύμενοι</em></strong></span> <span class='ocrx_word' id='word_1_178' title='bbox 647 2513 805 2610; x_wconf 88' lang='grc' dir='ltr'><strong><em>φάγομεν.</em></strong></span> 
     </span>
     <span class='ocr_line' id='line_1_22' title="bbox 166 2616 1334 2712; baseline 0.002 -25"><span class='ocrx_word' id='word_1_179' title='bbox 166 2620 222 2687; x_wconf 83' lang='grc' dir='ltr'><strong><em>καὶ</em></strong></span> <span class='ocrx_word' id='word_1_180' title='bbox 243 2616 253 2642; x_wconf 84' lang='lat'>‘</span> <span class='ocrx_word' id='word_1_181' title='bbox 270 2616 450 2704; x_wconf 74' lang='grc' dir='ltr'><strong><em>Ἀχιλλεύς,</em></strong></span> <span class='ocrx_word' id='word_1_182' title='bbox 474 2619 595 2711; x_wconf 86' lang='grc' dir='ltr'><strong><em>καίπερ</em></strong></span> <span class='ocrx_word' id='word_1_183' title='bbox 617 2623 841 2712; x_wconf 78' lang='grc' dir='ltr'><strong><em>ἐπειγομένων</em></strong></span> <span class='ocrx_word' id='word_1_184' title='bbox 861 2630 927 2691; x_wconf 86' lang='grc' dir='ltr'><strong><em>τών</em></strong></span> <span class='ocrx_word' id='word_1_185' title='bbox 946 2622 1127 2712; x_wconf 79' lang='grc' dir='ltr'><strong><em>πρέσβεων,</em></strong></span> <span class='ocrx_word' id='word_1_186' title='bbox 1152 2618 1198 2703; x_wconf 83' lang='grc' dir='ltr'><strong><em>ώς</em></strong></span> <span class='ocrx_word' id='word_1_187' title='bbox 1219 2621 1254 2690; x_wconf 80' lang='grc' dir='ltr'><strong><em>έν</em></strong></span> <span class='ocrx_word' id='word_1_188' title='bbox 1272 2621 1334 2708; x_wconf 89' lang='grc' dir='ltr'><strong><em>μέ-</em></strong></span> 
     </span>
     <span class='ocr_line' id='line_1_23' title="bbox 167 2718 640 2821; baseline 0.015 -27"><span class='ocrx_word' id='word_1_189' title='bbox 167 2718 242 2808; x_wconf 65' lang='lat' dir='ltr'><strong><em>our}</em></strong></span> <span class='ocrx_word' id='word_1_190' title='bbox 264 2728 352 2812; x_wconf 80' lang='grc' dir='ltr'><strong><em>νυξὶν</em></strong></span> <span class='ocrx_word' id='word_1_191' title='bbox 371 2724 527 2821; x_wconf 77' lang='grc' dir='ltr'><strong><em>ἡκόντων,</em></strong></span> <span class='ocrx_word' id='word_1_192' title='bbox 548 2729 640 2818; x_wconf 85' lang='grc' dir='ltr'><strong><em>ὅμως</em></strong></span> 
     </span>
     <span class='ocr_line' id='line_1_24' title="bbox 486 2835 1023 2928; baseline 0.006 -22"><span class='ocrx_word' id='word_1_193' title='bbox 486 2843 600 2907; x_wconf 88' lang='grc' dir='ltr'><strong><em>θεοῖσι</em></strong></span> <span class='ocrx_word' id='word_1_194' title='bbox 622 2838 659 2906; x_wconf 75' lang='grc' dir='ltr'><strong><em>δὲ</em></strong></span> <span class='ocrx_word' id='word_1_195' title='bbox 680 2845 786 2908; x_wconf 85' lang='grc' dir='ltr'><strong><em>θᾶσαι</em></strong></span> <span class='ocrx_word' id='word_1_196' title='bbox 807 2835 928 2928; x_wconf 87' lang='grc' dir='ltr'><strong><em>ᾶνώγει</em></strong></span> <span class='ocrx_word' id='word_1_197' title='bbox 949 2846 1023 2909; x_wconf 76' lang='lat' dir='ltr'><strong>cett.</strong></span> 
     </span>
    </p>

    <p class='ocr_par' dir='ltr' id='par_1_5' title="bbox 166 2946 1341 4218">
     <span class='ocr_line' id='line_1_25' title="bbox 249 2946 1334 3039; baseline -0.002 -27"><span class='ocrx_word' id='word_1_198' title='bbox 249 2946 398 3012; x_wconf 78' lang='lat' dir='ltr'><strong>Ceterum</strong></span> <span class='ocrx_word' id='word_1_199' title='bbox 421 2970 460 3013; x_wconf 87' lang='lat' dir='ltr'><strong><em>ex</em></strong></span> <span class='ocrx_word' id='word_1_200' title='bbox 481 2949 531 3014; x_wconf 86' lang='lat' dir='ltr'><strong><em>his</em></strong></span> <span class='ocrx_word' id='word_1_201' title='bbox 552 2953 835 3039; x_wconf 77' lang='lat' dir='ltr'><strong>grammaticorum</strong></span> <span class='ocrx_word' id='word_1_202' title='bbox 856 2951 951 3032; x_wconf 82' lang='lat' dir='ltr'><strong>locis,</strong></span> <span class='ocrx_word' id='word_1_203' title='bbox 972 2950 1090 3035; x_wconf 87' lang='lat' dir='ltr'><strong>quibus</strong></span> <span class='ocrx_word' id='word_1_204' title='bbox 1110 2947 1209 3014; x_wconf 77' lang='lat' dir='ltr'><strong>addas</strong></span> <span class='ocrx_word' id='word_1_205' title='bbox 1230 2946 1334 3031; x_wconf 82' lang='lat' dir='ltr'><strong>Hesy-</strong></span> 
     </span>
     <span class='ocr_line' id='line_1_26' title="bbox 167 3049 1336 3142; baseline 0.002 -24"><span class='ocrx_word' id='word_1_206' title='bbox 167 3054 275 3119; x_wconf 86' lang='lat' dir='ltr'><strong>chium</strong></span> <span class='ocrx_word' id='word_1_207' title='bbox 307 3059 414 3121; x_wconf 84' lang='grc' dir='ltr'><strong><em>θᾶσαι</em></strong></span> <span class='ocrx_word' id='word_1_208' title='bbox 444 3049 665 3139; x_wconf 83' lang='grc' dir='ltr'><strong><em>ἀπάρξασθαι</em></strong></span> <span class='ocrx_word' id='word_1_209' title='bbox 695 3062 866 3142; x_wconf 87' lang='grc' dir='ltr'><strong><em>θυμιᾶσαι</em></strong></span> <span class='ocrx_word' id='word_1_210' title='bbox 890 3052 1071 3133; x_wconf 89' lang='grc' dir='ltr'><strong><em>θυσιάσαι,</em></strong></span> <span class='ocrx_word' id='word_1_211' title='bbox 1105 3059 1251 3142; x_wconf 79' lang='lat' dir='ltr'><strong>apertum</strong></span> <span class='ocrx_word' id='word_1_212' title='bbox 1279 3057 1336 3131; x_wconf 72' lang='lat' dir='ltr'><strong>est,</strong></span> 
     </span>
     <span class='ocr_line' id='line_1_27' title="bbox 167 3154 1335 3252; baseline -0.002 -27"><span class='ocrx_word' id='word_1_213' title='bbox 167 3164 338 3244; x_wconf 88' lang='grc' dir='ltr'><strong><em>θυμιᾶσαι</em></strong></span> <span class='ocrx_word' id='word_1_214' title='bbox 360 3165 540 3252; x_wconf 81' lang='lat' dir='ltr'><strong>significare</strong></span> <span class='ocrx_word' id='word_1_215' title='bbox 562 3169 595 3233; x_wconf 88' lang='lat' dir='ltr'><strong><em>in</em></strong></span> <span class='ocrx_word' id='word_1_216' title='bbox 618 3168 775 3234; x_wconf 83' lang='lat' dir='ltr'><strong>honorem</strong></span> <span class='ocrx_word' id='word_1_217' title='bbox 801 3168 935 3233; x_wconf 87' lang='lat' dir='ltr'><strong>deorum</strong></span> <span class='ocrx_word' id='word_1_218' title='bbox 957 3164 1114 3251; x_wconf 86' lang='lat' dir='ltr'><strong>quidquid</strong></span> <span class='ocrx_word' id='word_1_219' title='bbox 1135 3165 1186 3227; x_wconf 74' lang='lat' dir='ltr'><strong><em>est</em></strong></span> <span class='ocrx_word' id='word_1_220' title='bbox 1206 3154 1335 3245; x_wconf 85' lang='grc' dir='ltr'><strong><em>άπαργ-</em></strong></span> 
     </span>
     <span class='ocr_line' id='line_1_28' title="bbox 166 3266 1335 3358; baseline -0.002 -24"><span class='ocrx_word' id='word_1_221' title='bbox 166 3267 295 3349; x_wconf 79' lang='grc' dir='ltr'><strong><em>μάτων,</em></strong></span> <span class='ocrx_word' id='word_1_222' title='bbox 317 3294 358 3337; x_wconf 85' lang='lat' dir='ltr'><strong><em>ne</em></strong></span> <span class='ocrx_word' id='word_1_223' title='bbox 384 3273 422 3337; x_wconf 87' lang='lat' dir='ltr'><strong><em>de</em></strong></span> <span class='ocrx_word' id='word_1_224' title='bbox 441 3274 518 3340; x_wconf 86' lang='lat' dir='ltr'><strong>solis</strong></span> <span class='ocrx_word' id='word_1_225' title='bbox 540 3274 733 3341; x_wconf 78' lang='lat' dir='ltr'><strong>suffimentis</strong></span> <span class='ocrx_word' id='word_1_226' title='bbox 754 3275 886 3358; x_wconf 76' lang='lat' dir='ltr'><strong>cogites,</strong></span> <span class='ocrx_word' id='word_1_227' title='bbox 907 3273 1054 3338; x_wconf 80' lang='lat' dir='ltr'><strong>flammae</strong></span> <span class='ocrx_word' id='word_1_228' title='bbox 1075 3271 1213 3336; x_wconf 83' lang='lat' dir='ltr'><strong>iniicere.</strong></span> <span class='ocrx_word' id='word_1_229' title='bbox 1251 3266 1335 3334; x_wconf 87' lang='lat' dir='ltr'><strong>Usus</strong></span> 
     </span>
     <span class='ocr_line' id='line_1_29' title="bbox 168 3375 1336 3462; baseline -0.002 -21"><span class='ocrx_word' id='word_1_230' title='bbox 168 3400 205 3442; x_wconf 83' lang='lat' dir='ltr'><strong><em>eu</em></strong></span> <span class='ocrx_word' id='word_1_231' title='bbox 226 3378 413 3462; x_wconf 81' lang='lat' dir='ltr'><strong>paraphrasi</strong></span> <span class='ocrx_word' id='word_1_232' title='bbox 434 3381 467 3444; x_wconf 88' lang='lat' dir='ltr'><strong><em>in</em></strong></span> <span class='ocrx_word' id='word_1_233' title='bbox 489 3381 662 3448; x_wconf 83' lang='lat' dir='ltr'><strong>Homerico</strong></span> <span class='ocrx_word' id='word_1_234' title='bbox 684 3380 780 3447; x_wconf 88' lang='grc' dir='ltr'><strong><em>θύειν</em></strong></span> <span class='ocrx_word' id='word_1_235' title='bbox 800 3381 1016 3456; x_wconf 78' lang='lat' dir='ltr'><strong>Aristarchus,</strong></span> <span class='ocrx_word' id='word_1_236' title='bbox 1045 3382 1079 3444; x_wconf 78' lang='lat' dir='ltr'><strong><em>eh</em></strong></span> <span class='ocrx_word' id='word_1_237' title='bbox 1099 3379 1126 3443; x_wconf 90' lang='lat' dir='ltr'><strong><em>si</em></strong></span> <span class='ocrx_word' id='word_1_238' title='bbox 1147 3376 1231 3442; x_wconf 80' lang='lat' dir='ltr'><strong>forte</strong></span> <span class='ocrx_word' id='word_1_239' title='bbox 1251 3375 1336 3440; x_wconf 80' lang='lat' dir='ltr'><strong>ultra</strong></span> 
     </span>
     <span class='ocr_line' id='line_1_30' title="bbox 167 3482 1336 3575; baseline -0.003 -26"><span class='ocrx_word' id='word_1_240' title='bbox 167 3507 233 3549; x_wconf 87' lang='lat' dir='ltr'><strong><em>non</em></strong></span> <span class='ocrx_word' id='word_1_241' title='bbox 255 3485 368 3566; x_wconf 72' lang='lat' dir='ltr'><strong>valuit,</strong></span> <span class='ocrx_word' id='word_1_242' title='bbox 400 3489 488 3572; x_wconf 88' lang='lat' dir='ltr'><strong>quod</strong></span> <span class='ocrx_word' id='word_1_243' title='bbox 514 3493 623 3556; x_wconf 79' lang='lat' dir='ltr'><strong>tumen</strong></span> <span class='ocrx_word' id='word_1_244' title='bbox 649 3511 707 3575; x_wconf 91' lang='lat' dir='ltr'><strong><em>pro</em></strong></span> <span class='ocrx_word' id='word_1_245' title='bbox 729 3494 817 3556; x_wconf 82' lang='lat' dir='ltr'><strong>certo</strong></span> <span class='ocrx_word' id='word_1_246' title='bbox 845 3511 912 3554; x_wconf 87' lang='lat' dir='ltr'><strong><em>non</em></strong></span> <span class='ocrx_word' id='word_1_247' title='bbox 934 3486 1081 3563; x_wconf 84' lang='lat' dir='ltr'><strong>dixerim,</strong></span> <span class='ocrx_word' id='word_1_248' title='bbox 1109 3488 1147 3549; x_wconf 78' lang='lat' dir='ltr'><strong><em>ut</em></strong></span> <span class='ocrx_word' id='word_1_249' title='bbox 1167 3506 1193 3548; x_wconf 85' lang='lat' dir='ltr'><strong><em>e.</em></strong></span> <span class='ocrx_word' id='word_1_250' title='bbox 1215 3504 1246 3568; x_wconf 83' lang='lat' dir='ltr'><strong><em>g.</em></strong></span> <span class='ocrx_word' id='word_1_251' title='bbox 1267 3482 1336 3547; x_wconf 88' lang='lat' dir='ltr'><strong>eius</strong></span> 
     </span>
     <span class='ocr_line' id='line_1_31' title="bbox 167 3592 1337 3681; baseline -0.006 -24"><span class='ocrx_word' id='word_1_252' title='bbox 167 3614 244 3657; x_wconf 85' lang='lat' dir='ltr'><strong>usus</strong></span> <span class='ocrx_word' id='word_1_253' title='bbox 266 3615 337 3658; x_wconf 88' lang='lat' dir='ltr'><strong>esse</strong></span> <span class='ocrx_word' id='word_1_254' title='bbox 359 3617 424 3659; x_wconf 87' lang='lat' dir='ltr'><strong><em>non</em></strong></span> <span class='ocrx_word' id='word_1_255' title='bbox 444 3601 554 3681; x_wconf 77' lang='lat' dir='ltr'><strong>posset</strong></span> <span class='ocrx_word' id='word_1_256' title='bbox 576 3619 595 3661; x_wconf 98' lang='grc' dir='ltr'><strong><em>ο</em></strong></span> <span class='ocrx_word' id='word_1_257' title='bbox 616 3603 692 3675; x_wconf 91' lang='grc'><strong><em>222,</em></strong></span> <span class='ocrx_word' id='word_1_258' title='bbox 715 3597 772 3662; x_wconf 89' lang='lat' dir='ltr'><strong><em>ubi</em></strong></span> <span class='ocrx_word' id='word_1_259' title='bbox 791 3617 850 3681; x_wconf 91' lang='lat' dir='ltr'><strong><em>per</em></strong></span> <span class='ocrx_word' id='word_1_260' title='bbox 871 3597 978 3660; x_wconf 83' lang='grc' dir='ltr'><strong><em>θᾶσαι</em></strong></span> <span class='ocrx_word' id='word_1_261' title='bbox 998 3598 1036 3660; x_wconf 79' lang='grc' dir='ltr'><strong><em>αλ</em></strong></span> <span class='ocrx_word' id='word_1_262' title='bbox 1056 3614 1095 3658; x_wconf 85' lang='lat' dir='ltr'><strong><em>ex</em></strong></span> <span class='ocrx_word' id='word_1_263' title='bbox 1115 3614 1144 3657; x_wconf 86' lang='lat' dir='ltr'><strong><em>v.</em></strong></span> <span class='ocrx_word' id='word_1_264' title='bbox 1165 3596 1226 3658; x_wconf 81' lang='lat'><strong><em>258</em></strong></span> <span class='ocrx_word' id='word_1_265' title='bbox 1247 3592 1337 3673; x_wconf 79' lang='lat' dir='ltr'><strong>petet</strong></span> 
     </span>
     <span class='ocr_line' id='line_1_32' title="bbox 167 3694 1337 3789; baseline -0.003 -27"><span class='ocrx_word' id='word_1_266' title='bbox 167 3699 361 3786; x_wconf 77' lang='lat' dir='ltr'><strong><em>intelligitur</em></strong></span> <span class='ocrx_word' id='word_1_267' title='bbox 381 3702 491 3768; x_wconf 76' lang='lat' dir='ltr'><strong>obluta</strong></span> <span class='ocrx_word' id='word_1_268' title='bbox 510 3699 654 3789; x_wconf 82' lang='grc' dir='ltr'><strong><em>σπονδή,</em></strong></span> <span class='ocrx_word' id='word_1_269' title='bbox 674 3704 859 3770; x_wconf 74' lang='lat' dir='ltr'><strong>adhibuisse</strong></span> <span class='ocrx_word' id='word_1_270' title='bbox 879 3702 1042 3788; x_wconf 73' lang='lat' dir='ltr'><strong>putandus</strong></span> <span class='ocrx_word' id='word_1_271' title='bbox 1064 3699 1125 3764; x_wconf 79' lang='lat' dir='ltr'><strong>erit</strong></span> <span class='ocrx_word' id='word_1_272' title='bbox 1144 3694 1337 3762; x_wconf 79' lang='lat' dir='ltr'><strong>vocabulum</strong></span> 
     </span>
     <span class='ocr_line' id='line_1_33' title="bbox 167 3799 1336 3896; baseline -0.003 -27"><span class='ocrx_word' id='word_1_273' title='bbox 167 3800 399 3891; x_wconf 78' lang='grc' dir='ltr'><strong><em>ἀπάρξασθαι.</em></strong></span> <span class='ocrx_word' id='word_1_274' title='bbox 434 3809 642 3877; x_wconf 76' lang='lat' dir='ltr'><strong>substantiva</strong></span> <span class='ocrx_word' id='word_1_275' title='bbox 660 3810 761 3896; x_wconf 77' lang='lat' dir='ltr'><strong>igitur</strong></span> <span class='ocrx_word' id='word_1_276' title='bbox 774 3811 815 3875; x_wconf 80' lang='lat' dir='ltr'><strong><em>ud</em></strong></span> <span class='ocrx_word' id='word_1_277' title='bbox 834 3813 941 3874; x_wconf 84' lang='grc' dir='ltr'><strong><em>θῦσαι</em></strong></span> <span class='ocrx_word' id='word_1_278' title='bbox 963 3812 1040 3875; x_wconf 78' lang='lat' dir='ltr'><strong>sunt</strong></span> <span class='ocrx_word' id='word_1_279' title='bbox 1061 3799 1188 3890; x_wconf 78' lang='grc' dir='ltr'><strong><em>θυηλαί</em></strong></span> <span class='ocrx_word' id='word_1_280' title='bbox 1209 3806 1242 3867; x_wconf 79' lang='lat' dir='ltr'><strong><em>et</em></strong></span> <span class='ocrx_word' id='word_1_281' title='bbox 1259 3800 1336 3887; x_wconf 74' lang='grc' dir='ltr'><strong><em>θύη.</em></strong></span> 
     </span>
     <span class='ocr_line' id='line_1_34' title="bbox 168 3900 1336 4003; baseline -0.004 -26"><span class='ocrx_word' id='word_1_282' title='bbox 168 3912 240 3978; x_wconf 86' lang='grc' dir='ltr'><strong><em>Ηοο</em></strong></span> <span class='ocrx_word' id='word_1_283' title='bbox 262 3921 367 3995; x_wconf 80' lang='grc'><strong><em>0261,</em></strong></span> <span class='ocrx_word' id='word_1_284' title='bbox 388 3918 444 3982; x_wconf 89' lang='lat' dir='ltr'><strong><em>uhi</em></strong></span> <span class='ocrx_word' id='word_1_285' title='bbox 459 3916 713 4003; x_wconf 77' lang='lat' dir='ltr'><strong>Theoelymenos</strong></span> <span class='ocrx_word' id='word_1_286' title='bbox 729 3917 956 3984; x_wconf 77' lang='lat' dir='ltr'><strong>Telemachum</strong></span> <span class='ocrx_word' id='word_1_287' title='bbox 977 3913 1144 3980; x_wconf 85' lang='lat' dir='ltr'><strong>inveniens</strong></span> <span class='ocrx_word' id='word_1_288' title='bbox 1164 3900 1336 3975; x_wconf 76' lang='grc' dir='ltr'><strong><em>σπένδοντ’</em></strong></span> 
     </span>
     <span class='ocr_line' id='line_1_35' title="bbox 167 4009 1341 4113; baseline -0.003 -29"><span class='ocrx_word' id='word_1_289' title='bbox 167 4014 345 4104; x_wconf 78' lang='grc' dir='ltr'><strong><em>εὐχόμενόν</em></strong></span> <span class='ocrx_word' id='word_1_290' title='bbox 362 4044 397 4087; x_wconf 88' lang='grc' dir='ltr'><strong><em>τε</em></strong></span> <span class='ocrx_word' id='word_1_291' title='bbox 416 4027 486 4113; x_wconf 74' lang='grc' dir='ltr'><strong><em>θοῇ</em></strong></span> <span class='ocrx_word' id='word_1_292' title='bbox 507 4024 600 4109; x_wconf 86' lang='grc' dir='ltr'><strong><em>παρὰ</em></strong></span> <span class='ocrx_word' id='word_1_293' title='bbox 622 4023 675 4111; x_wconf 77' lang='grc' dir='ltr'><strong><em>νηί</em></strong></span> <span class='ocrx_word' id='word_1_294' title='bbox 693 4020 836 4113; x_wconf 79' lang='grc' dir='ltr'><strong><em>μελαίνῃ</em></strong></span> <span class='ocrx_word' id='word_1_295' title='bbox 857 4026 904 4090; x_wconf 88' lang='lat' dir='ltr'><strong><em>sic</em></strong></span> <span class='ocrx_word' id='word_1_296' title='bbox 925 4022 1083 4108; x_wconf 80' lang='lat' dir='ltr'><strong>loquitur:</strong></span> <span class='ocrx_word' id='word_1_297' title='bbox 1105 4009 1133 4082; x_wconf 85' lang='grc' dir='ltr'><strong><em>ώ</em></strong></span> <span class='ocrx_word' id='word_1_298' title='bbox 1156 4010 1239 4106; x_wconf 78' lang='grc' dir='ltr'><strong><em>φίλ’,</em></strong></span> <span class='ocrx_word' id='word_1_299' title='bbox 1264 4010 1341 4082; x_wconf 79' lang='grc' dir='ltr'><strong><em>έπεί</em></strong></span> 
     </span>
     <span class='ocr_line' id='line_1_36' title="bbox 166 4120 1340 4218; baseline -0.005 -26"><span class='ocrx_word' id='word_1_300' title='bbox 166 4146 204 4192; x_wconf 86' lang='grc' dir='ltr'><strong><em>σε</em></strong></span> <span class='ocrx_word' id='word_1_301' title='bbox 231 4122 363 4195; x_wconf 84' lang='grc' dir='ltr'><strong><em>θύοντα</em></strong></span> <span class='ocrx_word' id='word_1_302' title='bbox 390 4125 513 4213; x_wconf 85' lang='grc' dir='ltr'><strong><em>κιχάνω</em></strong></span> <span class='ocrx_word' id='word_1_303' title='bbox 542 4126 623 4218; x_wconf 77' lang='grc' dir='ltr'><strong><em>τῷδ’</em></strong></span> <span class='ocrx_word' id='word_1_304' title='bbox 653 4128 702 4198; x_wconf 66' lang='lat' dir='ltr'><strong><em>evi</em></strong></span> <span class='ocrx_word' id='word_1_305' title='bbox 725 4127 839 4218; x_wconf 79' lang='grc' dir='ltr'><strong><em>χώρῳ,</em></strong></span> <span class='ocrx_word' id='word_1_306' title='bbox 869 4120 998 4211; x_wconf 76' lang='grc' dir='ltr'><strong><em>λίσσομ’</em></strong></span> <span class='ocrx_word' id='word_1_307' title='bbox 1030 4121 1115 4211; x_wconf 74' lang='grc' dir='ltr'><strong><em>ὑπὲρ</em></strong></span> <span class='ocrx_word' id='word_1_308' title='bbox 1143 4121 1256 4190; x_wconf 87' lang='grc' dir='ltr'><strong><em>θυέων</em></strong></span> <span class='ocrx_word' id='word_1_309' title='bbox 1283 4120 1340 4187; x_wconf 81' lang='grc' dir='ltr'><strong><em>καὶ</em></strong></span> 
     </span>
    </p>
   </div>
   <div class='ocr_carea' id='block_1_3' title="bbox 232 4363 1131 4481">
    <p class='ocr_par' dir='ltr' id='par_1_6' title="bbox 232 4363 1131 4481">
     <span class='ocr_line' id='line_1_37' title="bbox 232 4363 1131 4481; baseline 0.04 -73"><span class='ocrx_word' id='word_1_310' title='bbox 232 4370 279 4409; x_wconf 68' lang='grc' dir='ltr'><strong><em>ιε·</em></strong></span> <span class='ocrx_word' id='word_1_311' title='bbox 299 4364 392 4435; x_wconf 85' lang='lat' dir='ltr'><strong>&lt;Libri</strong></span> <span class='ocrx_word' id='word_1_312' title='bbox 411 4382 464 4421; x_wconf 88' lang='lat' dir='ltr'><strong><em>om.</em></strong></span> <span class='ocrx_word' id='word_1_313' title='bbox 482 4368 624 4435; x_wconf 83' lang='grc' dir='ltr'><strong><em>θυμιᾶσαι</em></strong></span> <span class='ocrx_word' id='word_1_314' title='bbox 642 4367 672 4420; x_wconf 78' lang='lat' dir='ltr'><strong><em>et</em></strong></span> <span class='ocrx_word' id='word_1_315' title='bbox 688 4363 743 4435; x_wconf 74' lang='grc' dir='ltr'><strong><em>δέ.)</em></strong></span> <span class='ocrx_word' id='word_1_316' title='bbox 1097 4430 1131 4481; x_wconf 71' lang='grc'><strong><em>6,</em></strong></span> 
     </span>
    </p>
   </div>
   <div class='ocr_carea' id='block_1_4' title="bbox 0 0 1723 4934">
    <p class='ocr_par' dir='ltr' id='par_1_7' title="bbox 0 0 1723 4934">
     <span class='ocr_line' id='line_1_38' title="bbox 0 0 1723 4934; baseline 0 0"><span class='ocrx_word' id='word_1_317' title='bbox 0 0 1723 4934; x_wconf 95' lang='lat' dir='ltr'><strong><em> </em></strong></span> 
     </span>
    </p>
   </div>
  </div>
 </body>
</html>
