3425 4934
376 302 436 364 330
670 291 704 350 V.
729 295 771 351 De
788 294 892 351 criticis
912 293 1066 349 Aristarchi
1084 295 1245 351 rationibus.

375 465 405 526 E
419 468 477 532 183
493 454 666 527 άδετεῖται
684 459 736 529 ὅτι
752 455 931 543 δεξάμενός
942 486 993 541 τις
1007 456 1037 527 εί
1057 456 1106 549 μή
1124 486 1175 540 τις
1197 456 1280 540 θεός
1301 459 1389 528 ἐστιν
1410 455 1429 528 ὁ
1451 456 1545 528 ἔναν-

373 564 555 653 τιοάμενος,
580 566 761 659 ἐνέγραψεν
780 562 890 638 αὐτόν.
923 571 988 639 sed
1001 572 1064 638 hoo
1085 572 1149 637 iam
1170 572 1336 659 proprium
1357 576 1394 637 ut
1415 593 1541 656 παρεμ·

373 673 511 760 βάλλειν
533 682 581 762 (Φ
605 682 685 763 130),
710 675 872 762 ἐμποιεῖν.
917 672 949 745 οἱ
971 673 1235 767 ἕμπεποιηκότες
1256 673 1303 757 εἰς
1325 676 1364 743 τὰ
1382 672 1544 746 Ἡσιόδου

374 786 510 852 Pausan.
531 785 563 851 ΙΙ
584 792 633 867 26,
654 792 682 853 7.
712 781 955 870 παρεντιδέναι
976 790 1015 852 Π
1030 795 1079 857 97.
1116 781 1353 866 διασκευάζειν.
1392 788 1456 853 Pro
1480 811 1544 873 quo

375 894 491 959 dicitur
514 895 610 960 etiam
632 888 898 974 ένδιασκευάζειν
918 898 949 958 Γ
967 901 1040 964 395:
1069 887 1247 979 δεξάμενος
1270 892 1309 960 δέ
1329 918 1380 973 τις
1399 892 1438 961 τὸ
1458 887 1544 975 πρό-

373 1023 468 1086 τερον
481 999 559 1080 τοὺς
572 997 649 1089 ἑξῆς
664 994 924 1082 ένδιασκευάζει·
943 999 998 1069 διὸ
1013 994 1225 1068 άδετοῦνται.
1252 1003 1353 1070 Verbi
1368 997 1544 1067 διασκευά-

375 1108 442 1188 ζειν
467 1132 553 1176 nuno
579 1111 705 1196 reliqua
730 1113 882 1196 ponendo
906 1115 983 1178 sunt
1010 1111 1169 1197 exempla:
1208 1115 1236 1173 Y
1259 1117 1319 1180 260
1343 1104 1545 1176 άδετοῶνται

372 1213 480 1297 στίχοι
504 1210 533 1281 δ’
560 1213 613 1284 ὅτε
639 1214 911 1300 διεσκευασμένοι
936 1210 1019 1283 εἰσὶν
1042 1212 1110 1285 ὑπό
1136 1241 1226 1297 τινος
1245 1221 1311 1283 τῶν
1331 1213 1545 1301 βουλομένων

373 1317 553 1411 πρόβλημα
578 1328 698 1392 ποιεῖν.
747 1317 888 1408 μάχεται
916 1322 953 1390 δέ
979 1329 1097 1415 σαφῶς
1125 1331 1197 1403 τοῖς
1221 1321 1376 1413 γνησίοις,
1426 1330 1456 1390 Β
1483 1334 1542 1396 807

372 1429 406 1520 (ν)
423 1431 543 1521 διπλη)
564 1429 617 1499 ὅτι
629 1426 727 1500 τοῦτό
750 1428 821 1499 ἐστι
840 1431 879 1500 τὸ
903 1431 1079 1520 πλανῆσαν
1099 1432 1156 1501 τὸν
1174 1433 1216 1499 τὰ
1233 1430 1346 1501 ἐπάνω
1362 1437 1448 1518 (191)
1472 1432 1543 1499 δια-

372 1536 586 1608 σκευάσαντα.
626 1543 658 1605 Λ
679 1547 739 1611 208
765 1533 788 1628 ἦ
818 1536 924 1629 διπλῆ
953 1539 1037 1627 πρὸς
1061 1541 1099 1609 τὸ
1127 1537 1249 1628 δ’ρινεν,
1282 1535 1355 1608 άντὶ
1379 1546 1437 1609 τοῦ
1458 1540 1542 1607 κατὰ

372 1647 481 1738 ψυχὴν
503 1643 658 1736 ἐκίνησεν.
693 1643 714 1734 ἡ
738 1646 775 1715 δέ
796 1642 953 1736 άναφορὰ
974 1649 1060 1734 πρὸς
1080 1647 1119 1718 τδ
1141 1642 1212 1730 ,,ὡ“ς
1233 1643 1335 1738 φάτο·
1361 1653 1400 1740 τῇ
1420 1642 1452 1714 δ’
1476 1643 1542 1732 άροι

372 1755 484 1840 θυμὸν
499 1752 547 1823 ἐνὶ
561 1749 744 1844 στήθεσσιν
758 1749 891 1842 ίίρινενῑ(
913 1762 957 1842 (Γ
969 1764 1038 1828 396.
1062 1783 1079 1843 ρ
1097 1762 1179 1844 150),
1204 1753 1256 1825 ὅτι
1271 1751 1331 1824 οὐκ
1353 1751 1441 1823 ἔστιν
1462 1752 1543 1824 ἐθά-

371 1887 480 1949 μωσεν
507 1857 597 1943 ὠςὸ
626 1859 848 1943 διασκευάσας
874 1860 1024 1951 έκλαβῶν
1050 1861 1143 1946 ἔταξε
1168 1863 1245 1944 τοὺς
1270 1860 1344 1952 ἑξῆς
1370 1860 1479 1933 εἴκοσι
1499 1869 1542 1951 <v.

372 1997 469 2060 supro
482 1997 513 2059 p.
534 1981 592 2042 100
607 1977 674 2039 not.
689 1973 745 2059 53>
768 1967 908 2053 στίχους,
933 1967 1006 2039 ἀλλ’
1023 1966 1096 2040 ἀντὶ
1108 1977 1169 2039 τοῦ
1183 1969 1311 2061 έκίνησε
1329 1973 1386 2040 καί
1404 1968 1541 2059 παράρ-

370 2102 455 2168 μησε
476 2078 561 2145 κατὰ
582 2077 620 2146 τὸ
643 2075 809 2166 ἐρωτικόν,
848 2084 888 2144 Λ
911 2090 947 2150 11
970 2076 1003 2168 (ι)
1028 2080 1146 2167 διπλη)
1169 2077 1222 2148 ὅτι
1249 2080 1308 2147 διὰ
1332 2079 1372 2147 τὸ
1391 2077 1543 2170 ἠλαττῶ-

371 2193 459 2254 σθαι
480 2185 565 2252 κατὰ
585 2185 646 2276 τὴν
667 2183 768 2254 κόλον
788 2181 896 2276 μάχην
918 2192 973 2253 νῦν
992 2185 1078 2274 μέγα
1099 2184 1222 2268 σθένος
1242 2184 1370 2277 ἑκάστῳ
1392 2186 1544 2277 ἐντίθησι

371 2295 457 2380 πρὸς
476 2295 513 2363 τὸ
536 2295 697 2378 πολεμεῖν
718 2289 778 2376 οὐχ
798 2295 852 2360 ἵνα
875 2294 937 2384 <mi
960 2298 1096 2364 inseruit
1116 2296 1358 2384 Friedlaender>
1382 2290 1429 2375 εἷς
1451 2278 1543 2363 οἷκον

372 2398 659 2488 ἀνακομισθῶσιν,
683 2399 728 2482 ῶς
748 2398 766 2471 ὁ
789 2398 1012 2480 διασκευάσας
1032 2402 1109 2482 τοὺς
1129 2400 1213 2491 ἑξῆς.
1258 2406 1320 2484 Qui
1347 2406 1398 2471 his
1420 2404 1500 2471 locis
1523 2398 1541 2469 ὁ

372 2505 602 2590 διασκευάσας,
625 2514 653 2578 is
674 2512 745 2579 aliis
768 2506 786 2577 ὁ
809 2507 1065 2600 διασκευαστής,
1092 2513 1315 2598 interpolator.
1356 2518 1388 2576 Ζ
1405 2520 1464 2582 441
1489 2508 1543 2579 ὅτι

371 2619 457 2706 πρὸς
469 2617 530 2707 τὴν
544 2616 704 2705 λέγουσαν
719 2612 819 2699 ,ἀλλ’
837 2614 898 2705 δίγε
912 2623 968 2685 νῶν
983 2617 1136 2702 ἐλέαιρε(
1160 2617 1216 2684 καὶ
1230 2618 1300 2707 ,μὴ
1318 2613 1416 2686 παῖδ’
1437 2613 1541 2709 ὀρφα·

371 2725 463 2797 νικὸν
479 2724 601 2815 δείηςίῑ
621 2718 752 2806 οἰκείως
767 2720 966 2815 ἀπήντηκεν
991 2723 1063 2795 δδὲ
1085 2725 1302 2815 διασκευασττ)
1308 2751 1325 2806 ς
1343 2730 1411 2815 (ηυὶ
1431 2752 1541 2795 versus

371 2844 431 2907 433
458 2860 527 2924 sqq.
553 2838 758 2922 interposuit)
788 2828 977 2924 ἐπλανήθη.
1030 2839 1059 2901 Θ
1081 2841 1121 2905 73
1148 2828 1349 2901 άθετοῶνται
1378 2832 1432 2901 ὅτι
1458 2829 1541 2921 ὑπέρ

287 2938 510 3018 (35οέκάστον
529 2937 771 3029 στρατεύματος
790 2945 878 3031 κῆρα
900 2942 1089 3029 ζυγοστατεῖ
1110 2936 1128 3007 ὁ
1151 2939 1243 3027 Ζεύς,
1269 2937 1307 3009 οὐ
1330 2939 1477 3022 πλείους,
1499 2938 1542 3022 ὡς

369 3047 426 3119 ἐπὶ
439 3046 618 3132 Ἀχιλλέως
631 3047 864 3134 καί“Ἐκτορος·
887 3045 905 3116 ὁ
922 3046 959 3116 δέ
980 3049 1220 3138 διασκευαστὴς
1241 3047 1378 3135 έξέλαβε
1398 3046 1540 3129 πολλάς.

368 3160 388 3223 λ
410 3167 471 3230 584
492 3162 656 3237 ,,στεῦτο“
677 3162 734 3224 νῦν
755 3150 829 3224 άντὶ
848 3162 906 3225 τοῦ
926 3158 1039 3225 ἵστατο
1062 3155 1205 3225 ἐπὶτῶν
1226 3159 1352 3227 ποδῶν.
1387 3156 1542 3247 κέχρηται

369 3265 406 3333 δέ
425 3270 466 3356 τῇ
491 3264 578 3348 λέξει
604 3261 623 3332 ὁ
645 3264 886 3354 διασκευαστὴς
906 3264 999 3350 παρὰ
1025 3263 1085 3353 τὴν
1104 3269 1164 3333 τοῦ
1184 3271 1326 3354 ποιητοῦ
1347 3262 1541 3355 συνήθειαν.

366 3382 445 3456 χ31
473 3368 635 3441 οὐδέποτε
651 3371 798 3463 (Όμηρος
825 3372 883 3441 ἐπὶ
910 3382 968 3440 τοῦ
993 3369 1085 3459 ἔλεγε
1111 3373 1149 3440 τδ
1178 3368 1265 3453 ἴσκε,
1298 3368 1371 3439 ἀλλ’
1401 3372 1458 3441 ἐπὶ
1482 3380 1543 3440 τοῦ

368 3477 510 3567 ὡμοίου·
542 3475 712 3570 ἠπάτηται
739 3472 797 3548 οὖν
824 3478 842 3549 δ
871 3481 1111 3569 διασκευαστης
1136 3479 1173 3547 ἐκ
1202 3485 1262 3549 τοῦ
1289 3476 1386 3560 ,ἴσκε
1411 3476 1542 3572 ψεύδεα

367 3588 481 3658 πολλὰ
503 3586 633 3675 λέγων“
661 3593 690 3675 (τ
712 3594 793 3674 203).
833 3591 941 3658 Subst.
971 3586 1130 3678 διασκευή
1156 3596 1284 3677 praeter
1309 3591 1418 3657 locum
1444 3614 1542 3677 supra

368 3700 548 3768 adhibitum
570 3701 620 3783 (Π
634 3700 686 3784 97)
709 3703 759 3764 est
780 3699 877 3765 etiom
896 3704 997 3769 Τ400
1019 3693 1235 3787 σημειοῦνταί
1253 3720 1340 3776 τινες
1361 3695 1414 3764 ὅτι
1434 3693 1543 3764 ἐντεῦ-

368 3811 432 3873 θεν
451 3802 472 3895 ἡ
491 3804 648 3894 διασκευὴ
669 3810 730 3872 τοῦ
742 3803 936 3892 τεθρίππου
958 3801 1153 3894 πεποίηται,
1176 3808 1206 3872 h.
1221 3830 1248 3873 ε.
1264 3807 1292 3872 is
1313 3831 1332 3871 ε
1354 3830 1418 3892 quo
1438 3808 1467 3871 Θ
1483 3814 1541 3877 185

367 3938 477 3983 versus
498 3915 625 4002 spurius
647 3906 764 3985 Ξάνθε
790 3936 826 3980 τε
851 3911 968 3981 καὶσὺ
990 3908 1148 3999 Πόδαργε
1175 3911 1232 3979 καὶ
1258 3908 1387 3980 Αἴθων
1411 3913 1544 3995 Λάμπε

303 4029 352 4082 336
369 4046 405 4089 τε
427 4024 477 4088 δῖε
501 4023 664 4109 profectus
686 4027 747 4103 ost,
768 4023 802 4089 in
824 4029 932 4090 mente
959 4023 1073 4090 habuit
1095 4027 1127 4089 et
1155 4023 1286 4088 nomina
1306 4026 1471 4089 mutuatus
1492 4027 1544 4088 est

368 4132 409 4198 ab
430 4131 492 4197 hoc
513 4135 561 4214 (T
578 4134 651 4215 400)
674 4124 791 4201 Ξάνθε
811 4153 847 4195 τε
867 4127 925 4197 καὶ
947 4126 1062 4209 Βαλίε,
1084 4127 1265 4218 τηλεκλυτὰ
1286 4127 1385 4194 τέκνα
1406 4124 1543 4214 Ποδάρ-

368 4260 435 4325 γης,
461 4260 556 4324 quem
576 4262 704 4305 versum
724 4240 963 4325 quodammodo
987 4239 1135 4304 diffinxit.
1178 4238 1301 4304 Eadem
1322 4262 1373 4305 res
1395 4262 1452 4324 per
1473 4261 1543 4304 ver-

367 4347 446 4412 bum
467 4340 697 4426 διασκευάζειν
719 4347 804 4413 dicta
823 4348 883 4413 sio:
909 4348 1012 4416 0414
1032 4340 1133 4411 άλλοι
1148 4339 1181 4411 δ)
1198 4339 1282 4434 ἀμφ’
1301 4340 1420 4433 ἄλλῃσι
1432 4338 1542 4431 μάχην
1628 4343 1630 4346 ’
