<?xml version="1.0" encoding="UTF-8"?>
<!DOCTYPE html PUBLIC "-//W3C//DTD XHTML 1.0 Transitional//EN"
    "http://www.w3.org/TR/xhtml1/DTD/xhtml1-transitional.dtd">
<html xmlns="http://www.w3.org/1999/xhtml" xml:lang="en" lang="en">
 <head>
  <title>
</title>
<meta http-equiv="Content-Type" content="text/html;charset=utf-8" />
  <meta name='ocr-system' content='tesseract 3.04.00' />
  <meta name='ocr-capabilities' content='ocr_page ocr_carea ocr_par ocr_line ocrx_word'/>
</head>
<body>
  <div class='ocr_page' id='page_1' title='image "./dearistarchistu00ludwgoog_0248.png"; bbox 0 0 3425 4934; ppageno 0'>
   <div class='ocr_carea' id='block_1_1' title="bbox 368 275 1348 347">
    <p class='ocr_par' dir='ltr' id='par_1_1' title="bbox 368 275 1348 347">
     <span class='ocr_line' id='line_1_1' title="bbox 368 275 1348 347; baseline -0.004 -12"><span class='ocrx_word' id='word_1_1' title='bbox 368 284 428 346; x_wconf 78' lang='lat'><strong><em>226</em></strong></span> <span class='ocrx_word' id='word_1_2' title='bbox 548 278 598 335; x_wconf 89' lang='lat' dir='ltr'>III.</span> <span class='ocrx_word' id='word_1_3' title='bbox 620 276 661 333; x_wconf 81' lang='lat' dir='ltr'><strong><em>Da</em></strong></span> <span class='ocrx_word' id='word_1_4' title='bbox 679 277 833 333; x_wconf 78' lang='lat' dir='ltr'><strong>Aiistarchi</strong></span> <span class='ocrx_word' id='word_1_5' title='bbox 849 277 966 334; x_wconf 69' lang='lat' dir='ltr'><strong>scientia</strong></span> <span class='ocrx_word' id='word_1_6' title='bbox 982 276 1161 347; x_wconf 72' lang='lat' dir='ltr'><strong>antiquitatis</strong></span> <span class='ocrx_word' id='word_1_7' title='bbox 1177 275 1348 333; x_wconf 62' lang='lat' dir='ltr'><strong>Homericae,</strong></span> 
     </span>
    </p>
   </div>
   <div class='ocr_carea' id='block_1_2' title="bbox 301 438 1546 1823">
    <p class='ocr_par' dir='ltr' id='par_1_2' title="bbox 301 438 1546 965">
     <span class='ocr_line' id='line_1_2' title="bbox 368 438 1546 537; baseline -0.003 -28"><span class='ocrx_word' id='word_1_8' title='bbox 368 439 408 510; x_wconf 76' lang='grc' dir='ltr'><strong><em>δέ</em></strong></span> <span class='ocrx_word' id='word_1_9' title='bbox 428 464 513 533; x_wconf 82' lang='grc' dir='ltr'><strong><em>φασι</em></strong></span> <span class='ocrx_word' id='word_1_10' title='bbox 539 442 596 511; x_wconf 83' lang='grc' dir='ltr'><strong><em>καί</em></strong></span> <span class='ocrx_word' id='word_1_11' title='bbox 619 444 680 535; x_wconf 88' lang='grc' dir='ltr'><strong><em>τήν</em></strong></span> <span class='ocrx_word' id='word_1_12' title='bbox 693 438 816 535; x_wconf 74' lang='grc' dir='ltr'><strong><em>’Ἄρνην</em></strong></span> <span class='ocrx_word' id='word_1_13' title='bbox 832 441 901 513; x_wconf 86' lang='grc' dir='ltr'><strong><em>ύπὸ</em></strong></span> <span class='ocrx_word' id='word_1_14' title='bbox 921 450 981 537; x_wconf 86' lang='grc' dir='ltr'><strong><em>τής</em></strong></span> <span class='ocrx_word' id='word_1_15' title='bbox 1002 442 1117 535; x_wconf 87' lang='grc' dir='ltr'><strong><em>λίμνης</em></strong></span> <span class='ocrx_word' id='word_1_16' title='bbox 1137 446 1378 532; x_wconf 65' lang='grc' dir='ltr'><strong><em>καταποθῆναι</em></strong></span> <span class='ocrx_word' id='word_1_17' title='bbox 1399 439 1455 507; x_wconf 79' lang='grc' dir='ltr'><strong><em>καὶ</em></strong></span> <span class='ocrx_word' id='word_1_18' title='bbox 1474 439 1546 530; x_wconf 79' lang='grc' dir='ltr'><strong><em>τήν·</em></strong></span> 
     </span>
     <span class='ocr_line' id='line_1_3' title="bbox 369 546 973 643; baseline 0.008 -29"><span class='ocrx_word' id='word_1_19' title='bbox 369 546 526 618; x_wconf 88' lang='grc' dir='ltr'><strong><em>Μίδειαν.</em></strong></span> <span class='ocrx_word' id='word_1_20' title='bbox 569 546 757 640; x_wconf 78' lang='grc' dir='ltr'><strong><em>Ζηνόδοτος</em></strong></span> <span class='ocrx_word' id='word_1_21' title='bbox 778 551 815 621; x_wconf 81' lang='grc' dir='ltr'><strong><em>δὲ</em></strong></span> <span class='ocrx_word' id='word_1_22' title='bbox 836 548 973 643; x_wconf 75' lang='grc' dir='ltr'><strong><em>γράφων</em></strong></span> 
     </span>
     <span class='ocr_line' id='line_1_4' title="bbox 642 655 1265 752; baseline -0.002 -26"><span class='ocrx_word' id='word_1_23' title='bbox 642 656 674 726; x_wconf 80' lang='lat' dir='ltr'><strong><em>oi</em></strong></span> <span class='ocrx_word' id='word_1_24' title='bbox 697 658 734 726; x_wconf 81' lang='grc' dir='ltr'><strong><em>δὲ</em></strong></span> <span class='ocrx_word' id='word_1_25' title='bbox 754 658 1012 752; x_wconf 83' lang='grc' dir='ltr'><strong><em>πολυστάφυλον</em></strong></span> <span class='ocrx_word' id='word_1_26' title='bbox 1025 655 1170 750; x_wconf 78' lang='grc' dir='ltr'><strong><em>’Ἀοκρην</em></strong></span> <span class='ocrx_word' id='word_1_27' title='bbox 1191 657 1265 742; x_wconf 74' lang='grc' dir='ltr'><strong><em>ἕχον</em></strong></span> 
     </span>
     <span class='ocr_line' id='line_1_5' title="bbox 368 759 1538 856; baseline 0 -23"><span class='ocrx_word' id='word_1_28' title='bbox 368 759 428 833; x_wconf 88' lang='grc' dir='ltr'><strong><em>ούκ</em></strong></span> <span class='ocrx_word' id='word_1_29' title='bbox 460 761 568 834; x_wconf 69' lang='grc' dir='ltr'><strong><em>ἔοικεν</em></strong></span> <span class='ocrx_word' id='word_1_30' title='bbox 601 761 766 850; x_wconf 74' lang='grc' dir='ltr'><strong><em>ἐντυχόντι</em></strong></span> <span class='ocrx_word' id='word_1_31' title='bbox 798 773 868 848; x_wconf 81' lang='grc' dir='ltr'><strong><em>τοῖς</em></strong></span> <span class='ocrx_word' id='word_1_32' title='bbox 893 765 960 837; x_wconf 83' lang='grc' dir='ltr'><strong><em>ύπδ</em></strong></span> <span class='ocrx_word' id='word_1_33' title='bbox 982 763 1150 836; x_wconf 86' lang='grc' dir='ltr'><strong><em>Ἡσιόδου</em></strong></span> <span class='ocrx_word' id='word_1_34' title='bbox 1180 767 1258 855; x_wconf 85' lang='grc' dir='ltr'><strong><em>περὶ</em></strong></span> <span class='ocrx_word' id='word_1_35' title='bbox 1285 771 1346 856; x_wconf 87' lang='grc' dir='ltr'><strong><em>τής</em></strong></span> <span class='ocrx_word' id='word_1_36' title='bbox 1373 760 1538 853; x_wconf 80' lang='grc' dir='ltr'><strong><em>πατρίδος</em></strong></span> 
     </span>
     <span class='ocr_line' id='line_1_6' title="bbox 301 869 1537 965; baseline 0.006 -32"><span class='ocrx_word' id='word_1_37' title='bbox 301 880 350 934; x_wconf 79' lang='lat'><strong><em>229</em></strong></span> <span class='ocrx_word' id='word_1_38' title='bbox 368 872 518 955; x_wconf 73' lang='grc' dir='ltr'><strong><em>λεχθεῖσι</em></strong></span> <span class='ocrx_word' id='word_1_39' title='bbox 539 874 596 942; x_wconf 82' lang='grc' dir='ltr'><strong><em>καί</em></strong></span> <span class='ocrx_word' id='word_1_40' title='bbox 615 880 686 955; x_wconf 89' lang='grc' dir='ltr'><strong><em>τοῖς</em></strong></span> <span class='ocrx_word' id='word_1_41' title='bbox 702 869 758 942; x_wconf 74' lang='grc' dir='ltr'><strong><em>ὑπ’</em></strong></span> <span class='ocrx_word' id='word_1_42' title='bbox 782 879 868 965; x_wconf 79' lang='grc' dir='ltr'><strong><em>(δελ)</em></strong></span> <span class='ocrx_word' id='word_1_43' title='bbox 889 872 1037 960; x_wconf 84' lang='grc' dir='ltr'><strong><em>Εύδόξου</em></strong></span> <span class='ocrx_word' id='word_1_44' title='bbox 1058 876 1145 945; x_wconf 82' lang='grc' dir='ltr'><strong><em>πολύ</em></strong></span> <span class='ocrx_word' id='word_1_45' title='bbox 1165 871 1264 961; x_wconf 89' lang='grc' dir='ltr'><strong><em>χείρω</em></strong></span> <span class='ocrx_word' id='word_1_46' title='bbox 1286 873 1439 961; x_wconf 75' lang='grc' dir='ltr'><strong><em>λέγοντος</em></strong></span> <span class='ocrx_word' id='word_1_47' title='bbox 1459 873 1537 958; x_wconf 88' lang='grc' dir='ltr'><strong><em>περί</em></strong></span> 
     </span>
    </p>

    <p class='ocr_par' dir='ltr' id='par_1_3' title="bbox 364 977 1537 1500">
     <span class='ocr_line' id='line_1_7' title="bbox 365 977 1537 1076; baseline 0.002 -29"><span class='ocrx_word' id='word_1_48' title='bbox 365 977 590 1071; x_wconf 59' lang='grc' dir='ltr'><strong><em>τήςῖίοκρης.</em></strong></span> <span class='ocrx_word' id='word_1_49' title='bbox 623 988 697 1063; x_wconf 83' lang='grc' dir='ltr'><strong><em>πώς</em></strong></span> <span class='ocrx_word' id='word_1_50' title='bbox 716 983 778 1071; x_wconf 87' lang='grc' dir='ltr'><strong><em>χὰρ</em></strong></span> <span class='ocrx_word' id='word_1_51' title='bbox 801 980 842 1050; x_wconf 84' lang='grc' dir='ltr'><strong><em>άν</em></strong></span> <span class='ocrx_word' id='word_1_52' title='bbox 861 1010 914 1065; x_wconf 89' lang='grc' dir='ltr'><strong><em>τις</em></strong></span> <span class='ocrx_word' id='word_1_53' title='bbox 933 980 1194 1076; x_wconf 83' lang='grc' dir='ltr'><strong><em>πολυστάφυλον</em></strong></span> <span class='ocrx_word' id='word_1_54' title='bbox 1214 982 1274 1073; x_wconf 85' lang='grc' dir='ltr'><strong><em>τήν</em></strong></span> <span class='ocrx_word' id='word_1_55' title='bbox 1293 982 1448 1071; x_wconf 83' lang='grc' dir='ltr'><strong><em>τοιαύτην</em></strong></span> <span class='ocrx_word' id='word_1_56' title='bbox 1466 979 1537 1049; x_wconf 77' lang='grc' dir='ltr'><strong><em>ὑπὸ</em></strong></span> 
     </span>
     <span class='ocr_line' id='line_1_8' title="bbox 365 1083 1536 1179; baseline 0.002 -24"><span class='ocrx_word' id='word_1_57' title='bbox 365 1092 425 1156; x_wconf 86' lang='grc' dir='ltr'><strong><em>τού</em></strong></span> <span class='ocrx_word' id='word_1_58' title='bbox 450 1094 594 1179; x_wconf 78' lang='grc' dir='ltr'><strong><em>ποιητοῦ</em></strong></span> <span class='ocrx_word' id='word_1_59' title='bbox 619 1089 780 1178; x_wconf 82' lang='grc' dir='ltr'><strong><em>λέγεσθαι</em></strong></span> <span class='ocrx_word' id='word_1_60' title='bbox 800 1085 1024 1174; x_wconf 70' lang='grc' dir='ltr'><strong><em>πιστεύσειας</em></strong></span> <span class='ocrx_word' id='word_1_61' title='bbox 1053 1087 1113 1162; x_wconf 86' lang='grc' dir='ltr'><strong><em>ούκ</em></strong></span> <span class='ocrx_word' id='word_1_62' title='bbox 1135 1083 1172 1159; x_wconf 77' lang='grc' dir='ltr'><strong><em>εὖ</em></strong></span> <span class='ocrx_word' id='word_1_63' title='bbox 1194 1089 1231 1160; x_wconf 74' lang='grc' dir='ltr'><strong><em>δὲ</em></strong></span> <span class='ocrx_word' id='word_1_64' title='bbox 1252 1084 1327 1159; x_wconf 82' lang='grc' dir='ltr'><strong><em>ούτε</em></strong></span> <span class='ocrx_word' id='word_1_65' title='bbox 1349 1087 1382 1158; x_wconf 81' lang='lat' dir='ltr'><strong><em>oi</em></strong></span> <span class='ocrx_word' id='word_1_66' title='bbox 1407 1085 1536 1178; x_wconf 87' lang='grc' dir='ltr'><strong><em>Τάρνην</em></strong></span> 
     </span>
     <span class='ocr_line' id='line_1_9' title="bbox 368 1190 1536 1291; baseline 0.001 -29"><span class='ocrx_word' id='word_1_67' title='bbox 368 1190 440 1263; x_wconf 87' lang='grc' dir='ltr'><strong><em>άντὶ</em></strong></span> <span class='ocrx_word' id='word_1_68' title='bbox 457 1201 517 1286; x_wconf 80' lang='grc' dir='ltr'><strong><em>τῆς</em></strong></span> <span class='ocrx_word' id='word_1_69' title='bbox 528 1193 651 1288; x_wconf 67' lang='grc' dir='ltr'><strong><em>Ἄρνης</em></strong></span> <span class='ocrx_word' id='word_1_70' title='bbox 671 1197 855 1291; x_wconf 79' lang='grc' dir='ltr'><strong><em>γράφοντες</em></strong></span> <span class='ocrx_word' id='word_1_71' title='bbox 865 1205 917 1272; x_wconf 78' lang='lat'><strong><em>¹⁴².</em></strong></span> <span class='ocrx_word' id='word_1_72' title='bbox 957 1196 1036 1270; x_wconf 79' lang='grc' dir='ltr'><strong><em>ούδὲ</em></strong></span> <span class='ocrx_word' id='word_1_73' title='bbox 1063 1201 1125 1288; x_wconf 85' lang='grc' dir='ltr'><strong><em>χάρ</em></strong></span> <span class='ocrx_word' id='word_1_74' title='bbox 1151 1197 1217 1285; x_wconf 86' lang='grc' dir='ltr'><strong><em>μία</em></strong></span> <span class='ocrx_word' id='word_1_75' title='bbox 1236 1196 1403 1266; x_wconf 81' lang='grc' dir='ltr'><strong><em>δείκνυται</em></strong></span> <span class='ocrx_word' id='word_1_76' title='bbox 1427 1196 1536 1284; x_wconf 87' lang='grc' dir='ltr'><strong><em>Τάρνη</em></strong></span> 
     </span>
     <span class='ocr_line' id='line_1_10' title="bbox 366 1297 1537 1396; baseline 0.002 -27"><span class='ocrx_word' id='word_1_77' title='bbox 366 1303 459 1390; x_wconf 87' lang='grc' dir='ltr'><strong><em>παρὰ</em></strong></span> <span class='ocrx_word' id='word_1_78' title='bbox 480 1309 552 1384; x_wconf 84' lang='grc' dir='ltr'><strong><em>τοῖς</em></strong></span> <span class='ocrx_word' id='word_1_79' title='bbox 576 1312 744 1387; x_wconf 83' lang='grc' dir='ltr'><strong><em>Βοιωτοῖς.</em></strong></span> <span class='ocrx_word' id='word_1_80' title='bbox 781 1307 816 1376; x_wconf 79' lang='grc' dir='ltr'><strong><em>ἕν</em></strong></span> <span class='ocrx_word' id='word_1_81' title='bbox 838 1308 875 1376; x_wconf 82' lang='grc' dir='ltr'><strong><em>δὲ</em></strong></span> <span class='ocrx_word' id='word_1_82' title='bbox 893 1311 1026 1389; x_wconf 89' lang='grc' dir='ltr'><strong><em>Λυδοῖς</em></strong></span> <span class='ocrx_word' id='word_1_83' title='bbox 1047 1307 1151 1376; x_wconf 77' lang='grc' dir='ltr'><strong><em>ἐστιν·</em></strong></span> <span class='ocrx_word' id='word_1_84' title='bbox 1176 1297 1217 1396; x_wconf 80' lang='grc' dir='ltr'><strong><em>ἧς</em></strong></span> <span class='ocrx_word' id='word_1_85' title='bbox 1237 1307 1294 1375; x_wconf 82' lang='grc' dir='ltr'><strong><em>καί</em></strong></span> <span class='ocrx_word' id='word_1_86' title='bbox 1307 1307 1456 1396; x_wconf 84' lang='grc' dir='ltr'><strong><em>Ὅμηρος</em></strong></span> <span class='ocrx_word' id='word_1_87' title='bbox 1474 1303 1537 1390; x_wconf 81' lang='grc' dir='ltr'><strong><em>με’-</em></strong></span> 
     </span>
     <span class='ocr_line' id='line_1_11' title="bbox 364 1436 500 1500; baseline 0.015 -22"><span class='ocrx_word' id='word_1_88' title='bbox 364 1436 500 1500; x_wconf 85' lang='grc' dir='ltr'><strong><em>μνηται·</em></strong></span> 
     </span>
    </p>

    <p class='ocr_par' dir='ltr' id='par_1_4' title="bbox 487 1515 1413 1615">
     <span class='ocr_line' id='line_1_12' title="bbox 487 1515 1413 1615; baseline 0.002 -28"><span class='ocrx_word' id='word_1_89' title='bbox 487 1515 669 1605; x_wconf 81' lang='grc' dir='ltr'><strong><em>Ἰδομενεύς</em></strong></span> <span class='ocrx_word' id='word_1_90' title='bbox 690 1518 724 1589; x_wconf 74' lang='grc' dir='ltr'><strong><em>δ’</em></strong></span> <span class='ocrx_word' id='word_1_91' title='bbox 747 1517 814 1611; x_wconf 84' lang='grc' dir='ltr'><strong><em>άρα</em></strong></span> <span class='ocrx_word' id='word_1_92' title='bbox 839 1530 986 1592; x_wconf 80' lang='grc' dir='ltr'><strong><em>Φαῖστον</em></strong></span> <span class='ocrx_word' id='word_1_93' title='bbox 1008 1520 1149 1615; x_wconf 75' lang='grc' dir='ltr'><strong><em>ἐνήρατο</em></strong></span> <span class='ocrx_word' id='word_1_94' title='bbox 1168 1523 1322 1602; x_wconf 79' lang='grc' dir='ltr'><strong><em>τέκτονος</em></strong></span> <span class='ocrx_word' id='word_1_95' title='bbox 1341 1518 1413 1590; x_wconf 81' lang='grc' dir='ltr'><strong><em>υλόν</em></strong></span> 
     </span>
    </p>

    <p class='ocr_par' dir='ltr' id='par_1_5' title="bbox 365 1620 1330 1823">
     <span class='ocr_line' id='line_1_13' title="bbox 489 1620 1330 1722; baseline 0.004 -28"><span class='ocrx_word' id='word_1_96' title='bbox 489 1625 617 1715; x_wconf 78' lang='grc' dir='ltr'><strong><em>Βώρου,</em></strong></span> <span class='ocrx_word' id='word_1_97' title='bbox 639 1620 677 1709; x_wconf 82' lang='grc' dir='ltr'><strong><em>ός</em></strong></span> <span class='ocrx_word' id='word_1_98' title='bbox 698 1628 735 1697; x_wconf 71' lang='grc' dir='ltr'><strong><em>ἐκ</em></strong></span> <span class='ocrx_word' id='word_1_99' title='bbox 760 1629 889 1722; x_wconf 84' lang='grc' dir='ltr'><strong><em>Τάρνης</em></strong></span> <span class='ocrx_word' id='word_1_100' title='bbox 910 1630 1115 1718; x_wconf 77' lang='grc' dir='ltr'><strong><em>ἐριβώλακος</em></strong></span> <span class='ocrx_word' id='word_1_101' title='bbox 1135 1626 1330 1720; x_wconf 71' lang='grc' dir='ltr'><strong><em>εἰληλούθει</em></strong></span> 
     </span>
     <span class='ocr_line' id='line_1_14' title="bbox 365 1739 1103 1823; baseline 0.003 -21"><span class='ocrx_word' id='word_1_102' title='bbox 365 1740 409 1821; x_wconf 86' lang='grc' dir='ltr'><strong><em>(Ε</em></strong></span> <span class='ocrx_word' id='word_1_103' title='bbox 427 1742 489 1822; x_wconf 83' lang='grc'>44).</span> <span class='ocrx_word' id='word_1_104' title='bbox 526 1739 759 1823; x_wconf 85' lang='lat' dir='ltr'>Apollodorum</span> <span class='ocrx_word' id='word_1_105' title='bbox 780 1743 937 1822; x_wconf 80' lang='lat' dir='ltr'><strong>audimus,</strong></span> <span class='ocrx_word' id='word_1_106' title='bbox 959 1747 996 1808; x_wconf 82' lang='lat' dir='ltr'><strong><em>ut</em></strong></span> <span class='ocrx_word' id='word_1_107' title='bbox 1016 1742 1103 1808; x_wconf 88' lang='lat' dir='ltr'><strong>alibi.</strong></span> 
     </span>
    </p>
   </div>
   <div class='ocr_carea' id='block_1_3' title="bbox 868 2061 1037 2146">
    <p class='ocr_par' dir='ltr' id='par_1_6' title="bbox 868 2061 1037 2146">
     <span class='ocr_line' id='line_1_15' title="bbox 868 2061 1037 2146; baseline -0.006 -19"><span class='ocrx_word' id='word_1_108' title='bbox 868 2061 1037 2146; x_wconf 78' lang='lat' dir='ltr'>Cyllene.</span> 
     </span>
    </p>
   </div>
   <div class='ocr_carea' id='block_1_4' title="bbox 284 2199 1539 2405">
    <p class='ocr_par' dir='ltr' id='par_1_7' title="bbox 284 2199 1539 2405">
     <span class='ocr_line' id='line_1_16' title="bbox 452 2199 1539 2295; baseline 0.002 -25"><span class='ocrx_word' id='word_1_109' title='bbox 452 2206 557 2275; x_wconf 84' lang='lat'>0518</span> <span class='ocrx_word' id='word_1_110' title='bbox 579 2200 807 2291; x_wconf 78' lang='grc' dir='ltr'><strong><em>Πουλυδάμας</em></strong></span> <span class='ocrx_word' id='word_1_111' title='bbox 829 2202 861 2274; x_wconf 80' lang='grc' dir='ltr'><strong><em>δ’</em></strong></span> <span class='ocrx_word' id='word_1_112' title='bbox 881 2199 980 2276; x_wconf 83' lang='grc' dir='ltr'><strong><em>Ὦτον</em></strong></span> <span class='ocrx_word' id='word_1_113' title='bbox 1001 2202 1190 2295; x_wconf 83' lang='grc' dir='ltr'><strong><em>Κυλλήνιον</em></strong></span> <span class='ocrx_word' id='word_1_114' title='bbox 1212 2205 1392 2293; x_wconf 73' lang='grc' dir='ltr'><strong><em>ἐξενάριξεν</em></strong></span> <span class='ocrx_word' id='word_1_115' title='bbox 1416 2203 1539 2273; x_wconf 78' lang='grc' dir='ltr'><strong><em>Φυλεί-</em></strong></span> 
     </span>
     <span class='ocr_line' id='line_1_17' title="bbox 284 2308 1538 2405; baseline 0.002 -27"><span class='ocrx_word' id='word_1_116' title='bbox 284 2322 355 2395; x_wconf 75' lang='grc'>(235)</span> <span class='ocrx_word' id='word_1_117' title='bbox 368 2310 432 2376; x_wconf 87' lang='grc' dir='ltr'><strong><em>δεω</em></strong></span> <span class='ocrx_word' id='word_1_118' title='bbox 452 2309 579 2396; x_wconf 67' lang='grc' dir='ltr'><strong><em>ἕταρον,</em></strong></span> <span class='ocrx_word' id='word_1_119' title='bbox 601 2311 807 2400; x_wconf 68' lang='grc' dir='ltr'><strong><em>μεγαθύμων</em></strong></span> <span class='ocrx_word' id='word_1_120' title='bbox 829 2309 932 2399; x_wconf 87' lang='grc' dir='ltr'><strong><em>άρχὸν</em></strong></span> <span class='ocrx_word' id='word_1_121' title='bbox 949 2310 1106 2383; x_wconf 79' lang='grc' dir='ltr'><strong><em>Ἐπειώνε</em></strong></span> <span class='ocrx_word' id='word_1_122' title='bbox 1127 2311 1161 2405; x_wconf 83' lang='grc' dir='ltr'><strong><em>(ἡ</em></strong></span> <span class='ocrx_word' id='word_1_123' title='bbox 1178 2315 1297 2405; x_wconf 76' lang='grc' dir='ltr'><strong><em>διπλῆ)</em></strong></span> <span class='ocrx_word' id='word_1_124' title='bbox 1319 2312 1373 2383; x_wconf 81' lang='grc' dir='ltr'><strong><em>ὅτι</em></strong></span> <span class='ocrx_word' id='word_1_125' title='bbox 1391 2309 1452 2382; x_wconf 87' lang='grc' dir='ltr'><strong><em>ούκ</em></strong></span> <span class='ocrx_word' id='word_1_126' title='bbox 1466 2308 1538 2381; x_wconf 89' lang='grc' dir='ltr'><strong><em>άπὸ</em></strong></span> 
     </span>
    </p>
   </div>
   <div class='ocr_carea' id='block_1_5' title="bbox 369 2414 1540 2515">
    <p class='ocr_par' dir='ltr' id='par_1_8' title="bbox 369 2414 1540 2515">
     <span class='ocr_line' id='line_1_18' title="bbox 369 2414 1540 2515; baseline 0.003 -32"><span class='ocrx_word' id='word_1_127' title='bbox 369 2414 539 2508; x_wconf 79' lang='grc' dir='ltr'><strong><em>Κυλλήνης</em></strong></span> <span class='ocrx_word' id='word_1_128' title='bbox 564 2426 624 2488; x_wconf 85' lang='grc' dir='ltr'><strong><em>τού</em></strong></span> <span class='ocrx_word' id='word_1_129' title='bbox 646 2419 680 2490; x_wconf 76' lang='grc' dir='ltr'><strong><em>όν</em></strong></span> <span class='ocrx_word' id='word_1_130' title='bbox 697 2417 862 2515; x_wconf 79' lang='grc' dir='ltr'><strong><em>Ἀρκαδίᾳ</em></strong></span> <span class='ocrx_word' id='word_1_131' title='bbox 883 2418 995 2513; x_wconf 83' lang='grc' dir='ltr'><strong><em>όρους,</em></strong></span> <span class='ocrx_word' id='word_1_132' title='bbox 1021 2419 1094 2491; x_wconf 79' lang='grc' dir='ltr'><strong><em>ἄλλ’</em></strong></span> <span class='ocrx_word' id='word_1_133' title='bbox 1119 2419 1266 2491; x_wconf 76' lang='grc' dir='ltr'><strong><em>ἕπίνειόν</em></strong></span> <span class='ocrx_word' id='word_1_134' title='bbox 1286 2421 1375 2491; x_wconf 79' lang='grc' dir='ltr'><strong><em>ἐστιν</em></strong></span> <span class='ocrx_word' id='word_1_135' title='bbox 1394 2415 1540 2488; x_wconf 83' lang='grc' dir='ltr'><strong><em>Ἠλείων</em></strong></span> 
     </span>
    </p>
   </div>
   <div class='ocr_carea' id='block_1_6' title="bbox 361 2520 1540 2945">
    <p class='ocr_par' dir='ltr' id='par_1_9' title="bbox 361 2520 1540 2945">
     <span class='ocr_line' id='line_1_19' title="bbox 367 2520 1539 2618; baseline 0.006 -27"><span class='ocrx_word' id='word_1_136' title='bbox 367 2522 522 2615; x_wconf 85' lang='grc' dir='ltr'><strong><em>Κυλλήνη</em></strong></span> <span class='ocrx_word' id='word_1_137' title='bbox 545 2578 608 2597; x_wconf 90' lang='grc'><strong><em>...</em></strong></span> <span class='ocrx_word' id='word_1_138' title='bbox 637 2520 730 2598; x_wconf 82' lang='grc' dir='ltr'><strong><em>οὗτοι</em></strong></span> <span class='ocrx_word' id='word_1_139' title='bbox 757 2528 796 2598; x_wconf 77' lang='grc' dir='ltr'><strong><em>δέ</em></strong></span> <span class='ocrx_word' id='word_1_140' title='bbox 820 2526 905 2599; x_wconf 82' lang='grc' dir='ltr'><strong><em>εἰσιν</em></strong></span> <span class='ocrx_word' id='word_1_141' title='bbox 928 2528 1060 2600; x_wconf 85' lang='grc' dir='ltr'><strong><em>Ἠλεῖοι</em></strong></span> <span class='ocrx_word' id='word_1_142' title='bbox 1088 2535 1121 2618; x_wconf 86' lang='lat' dir='ltr'><strong><em>(l.</em></strong></span> <span class='ocrx_word' id='word_1_143' title='bbox 1140 2527 1290 2618; x_wconf 85' lang='grc' dir='ltr'><strong><em>Ἐπειοί).</em></strong></span> <span class='ocrx_word' id='word_1_144' title='bbox 1332 2532 1438 2601; x_wconf 80' lang='lat' dir='ltr'><strong>Sirab.</strong></span> <span class='ocrx_word' id='word_1_145' title='bbox 1460 2530 1539 2598; x_wconf 89' lang='lat' dir='ltr'><strong><em>VIH</em></strong></span> 
     </span>
     <span class='ocr_line' id='line_1_20' title="bbox 364 2632 1540 2730; baseline -0.001 -26"><span class='ocrx_word' id='word_1_146' title='bbox 364 2659 396 2721; x_wconf 87' lang='lat' dir='ltr'><strong><em>p.</em></strong></span> <span class='ocrx_word' id='word_1_147' title='bbox 418 2641 477 2704; x_wconf 81' lang='lat'><strong><em>337</em></strong></span> <span class='ocrx_word' id='word_1_148' title='bbox 506 2632 670 2725; x_wconf 76' lang='grc' dir='ltr'><strong><em>μέμνηται</em></strong></span> <span class='ocrx_word' id='word_1_149' title='bbox 696 2636 734 2704; x_wconf 77' lang='grc' dir='ltr'><strong><em>δὲ</em></strong></span> <span class='ocrx_word' id='word_1_150' title='bbox 761 2645 820 2729; x_wconf 79' lang='grc' dir='ltr'><strong><em>της</em></strong></span> <span class='ocrx_word' id='word_1_151' title='bbox 841 2636 1016 2730; x_wconf 89' lang='grc' dir='ltr'><strong><em>Κυλλήνης</em></strong></span> <span class='ocrx_word' id='word_1_152' title='bbox 1039 2636 1158 2730; x_wconf 83' lang='grc' dir='ltr'><strong><em>ταύτης</em></strong></span> <span class='ocrx_word' id='word_1_153' title='bbox 1183 2638 1240 2707; x_wconf 86' lang='grc' dir='ltr'><strong><em>καί</em></strong></span> <span class='ocrx_word' id='word_1_154' title='bbox 1258 2638 1406 2728; x_wconf 84' lang='grc' dir='ltr'><strong><em>Ὅμηρος</em></strong></span> <span class='ocrx_word' id='word_1_155' title='bbox 1433 2635 1540 2723; x_wconf 78' lang='grc' dir='ltr'><strong><em>λέγων</em></strong></span> 
     </span>
     <span class='ocr_line' id='line_1_21' title="bbox 361 2735 1539 2835; baseline 0.005 -27"><span class='ocrx_word' id='word_1_156' title='bbox 361 2735 458 2810; x_wconf 83' lang='grc' dir='ltr'><strong><em>Ὦτον</em></strong></span> <span class='ocrx_word' id='word_1_157' title='bbox 480 2740 669 2832; x_wconf 88' lang='grc' dir='ltr'><strong><em>Κυλλήνιον</em></strong></span> <span class='ocrx_word' id='word_1_158' title='bbox 697 2739 797 2831; x_wconf 86' lang='grc' dir='ltr'><strong><em>άρχὸν</em></strong></span> <span class='ocrx_word' id='word_1_159' title='bbox 815 2742 965 2815; x_wconf 79' lang='grc' dir='ltr'><strong><em>Ἐπειῶν.</em></strong></span> <span class='ocrx_word' id='word_1_160' title='bbox 1012 2741 1050 2815; x_wconf 85' lang='grc' dir='ltr'><strong><em>ού</em></strong></span> <span class='ocrx_word' id='word_1_161' title='bbox 1076 2747 1139 2835; x_wconf 77' lang='grc' dir='ltr'><strong><em>γὰρ</em></strong></span> <span class='ocrx_word' id='word_1_162' title='bbox 1166 2743 1237 2817; x_wconf 87' lang='grc' dir='ltr'><strong><em>άπὸ</em></strong></span> <span class='ocrx_word' id='word_1_163' title='bbox 1257 2752 1317 2815; x_wconf 86' lang='grc' dir='ltr'><strong><em>τού</em></strong></span> <span class='ocrx_word' id='word_1_164' title='bbox 1336 2743 1539 2834; x_wconf 83' lang='grc' dir='ltr'><strong><em>Ἀρκαδικοῦ</em></strong></span> 
     </span>
     <span class='ocr_line' id='line_1_22' title="bbox 366 2844 1343 2945; baseline 0.007 -29"><span class='ocrx_word' id='word_1_165' title='bbox 366 2844 464 2937; x_wconf 83' lang='grc' dir='ltr'><strong><em>όρους</em></strong></span> <span class='ocrx_word' id='word_1_166' title='bbox 485 2846 565 2920; x_wconf 83' lang='grc' dir='ltr'><strong><em>όντα</em></strong></span> <span class='ocrx_word' id='word_1_167' title='bbox 585 2846 720 2936; x_wconf 74' lang='grc' dir='ltr'><strong><em>ἔμελλεν</em></strong></span> <span class='ocrx_word' id='word_1_168' title='bbox 742 2850 890 2942; x_wconf 75' lang='grc' dir='ltr'><strong><em>ἡγεμόνα</em></strong></span> <span class='ocrx_word' id='word_1_169' title='bbox 910 2860 977 2922; x_wconf 85' lang='grc' dir='ltr'><strong><em>τών</em></strong></span> <span class='ocrx_word' id='word_1_170' title='bbox 994 2850 1133 2924; x_wconf 84' lang='grc' dir='ltr'><strong><em>Ἐπειῶν</em></strong></span> <span class='ocrx_word' id='word_1_171' title='bbox 1155 2850 1343 2945; x_wconf 79' lang='grc' dir='ltr'><strong><em>άποφήναι.</em></strong></span> 
     </span>
    </p>
   </div>
   <div class='ocr_carea' id='block_1_7' title="bbox 834 3065 1065 3074">
    <p class='ocr_par' dir='ltr' id='par_1_10' title="bbox 834 3065 1065 3074">
     <span class='ocr_line' id='line_1_23' title="bbox 834 3065 1065 3074; baseline 0 0"><span class='ocrx_word' id='word_1_172' title='bbox 834 3065 1065 3074; x_wconf 75' lang='lat'><strong>----——-——.-</strong></span> 
     </span>
    </p>
   </div>
   <div class='ocr_carea' id='block_1_8' title="bbox 740 3192 1156 3271">
    <p class='ocr_par' dir='ltr' id='par_1_11' title="bbox 740 3192 1156 3271">
     <span class='ocr_line' id='line_1_24' title="bbox 740 3192 1156 3271; baseline 0.002 -13"><span class='ocrx_word' id='word_1_173' title='bbox 740 3192 943 3271; x_wconf 79' lang='lat' dir='ltr'><strong>Dardania.</strong></span> <span class='ocrx_word' id='word_1_174' title='bbox 977 3192 1156 3259; x_wconf 88' lang='lat' dir='ltr'><strong>Dardani.</strong></span> 
     </span>
    </p>
   </div>
   <div class='ocr_carea' id='block_1_9' title="bbox 363 3333 1539 4186">
    <p class='ocr_par' dir='ltr' id='par_1_12' title="bbox 363 3333 1539 4186">
     <span class='ocr_line' id='line_1_25' title="bbox 452 3333 1536 3431; baseline -0.003 -25"><span class='ocrx_word' id='word_1_175' title='bbox 452 3342 480 3400; x_wconf 88' lang='lat' dir='ltr'><em>Y</em></span> <span class='ocrx_word' id='word_1_176' title='bbox 499 3345 560 3409; x_wconf 78' lang='lat'><strong><em>215</em></strong></span> <span class='ocrx_word' id='word_1_177' title='bbox 581 3333 615 3427; x_wconf 80' lang='grc' dir='ltr'><strong><em>(ἡ</em></strong></span> <span class='ocrx_word' id='word_1_178' title='bbox 640 3339 757 3430; x_wconf 79' lang='grc' dir='ltr'><strong><em>διπλῆ)</em></strong></span> <span class='ocrx_word' id='word_1_179' title='bbox 785 3339 837 3409; x_wconf 83' lang='grc' dir='ltr'><strong><em>ὅτι</em></strong></span> <span class='ocrx_word' id='word_1_180' title='bbox 866 3338 961 3428; x_wconf 77' lang='grc' dir='ltr'><strong><em>ἑτέρα</em></strong></span> <span class='ocrx_word' id='word_1_181' title='bbox 982 3346 1042 3431; x_wconf 81' lang='grc' dir='ltr'><strong><em>τής</em></strong></span> <span class='ocrx_word' id='word_1_182' title='bbox 1060 3336 1161 3407; x_wconf 82' lang='grc' dir='ltr'><strong><em>Ἰλίου</em></strong></span> <span class='ocrx_word' id='word_1_183' title='bbox 1183 3335 1203 3428; x_wconf 79' lang='grc' dir='ltr'><em>ἡ</em></span> <span class='ocrx_word' id='word_1_184' title='bbox 1226 3335 1403 3426; x_wconf 87' lang='grc' dir='ltr'><strong><em>Δαρδανία</em></strong></span> <span class='ocrx_word' id='word_1_185' title='bbox 1425 3334 1536 3424; x_wconf 76' lang='grc' dir='ltr'><strong><em>ὥσπερ</em></strong></span> 
     </span>
     <span class='ocr_line' id='line_1_26' title="bbox 366 3438 1535 3535; baseline 0.004 -28"><span class='ocrx_word' id='word_1_186' title='bbox 366 3440 422 3508; x_wconf 88' lang='grc' dir='ltr'><strong><em>καί</em></strong></span> <span class='ocrx_word' id='word_1_187' title='bbox 437 3438 457 3531; x_wconf 88' lang='grc' dir='ltr'><strong><em>ή</em></strong></span> <span class='ocrx_word' id='word_1_188' title='bbox 477 3444 605 3530; x_wconf 77' lang='grc' dir='ltr'><strong><em>Φρυγία</em></strong></span> <span class='ocrx_word' id='word_1_189' title='bbox 620 3451 660 3532; x_wconf 84' lang='lat' dir='ltr'><strong><em>(v.</em></strong></span> <span class='ocrx_word' id='word_1_190' title='bbox 674 3450 778 3535; x_wconf 78' lang='lat' dir='ltr'><strong>infra).</strong></span> <span class='ocrx_word' id='word_1_191' title='bbox 806 3450 870 3518; x_wconf 87' lang='lat' dir='ltr'><strong><em>Sad</em></strong></span> <span class='ocrx_word' id='word_1_192' title='bbox 883 3450 1026 3517; x_wconf 77' lang='lat' dir='ltr'><strong>Dardani</strong></span> <span class='ocrx_word' id='word_1_193' title='bbox 1041 3450 1162 3517; x_wconf 83' lang='lat' dir='ltr'><strong>Troum</strong></span> <span class='ocrx_word' id='word_1_194' title='bbox 1176 3450 1306 3516; x_wconf 85' lang='lat' dir='ltr'><strong>nomine</strong></span> <span class='ocrx_word' id='word_1_195' title='bbox 1321 3449 1535 3515; x_wconf 75' lang='lat' dir='ltr'><strong>eontinentur.</strong></span> 
     </span>
     <span class='ocr_line' id='line_1_27' title="bbox 365 3548 1539 3646; baseline 0.003 -30"><span class='ocrx_word' id='word_1_196' title='bbox 365 3553 396 3616; x_wconf 90' lang='lat' dir='ltr'><em>P</em></span> <span class='ocrx_word' id='word_1_197' title='bbox 407 3558 446 3621; x_wconf 79' lang='lat'><strong><em>80</em></strong></span> <span class='ocrx_word' id='word_1_198' title='bbox 472 3548 594 3638; x_wconf 85' lang='grc' dir='ltr'><strong><em>Τρώων</em></strong></span> <span class='ocrx_word' id='word_1_199' title='bbox 613 3554 672 3623; x_wconf 88' lang='grc' dir='ltr'><strong><em>τὸν</em></strong></span> <span class='ocrx_word' id='word_1_200' title='bbox 695 3551 831 3643; x_wconf 85' lang='grc' dir='ltr'><strong><em>άριστον</em></strong></span> <span class='ocrx_word' id='word_1_201' title='bbox 851 3553 994 3646; x_wconf 71' lang='grc' dir='ltr'><strong><em>ἔπεφνεν</em></strong></span> <span class='ocrx_word' id='word_1_202' title='bbox 1008 3553 1211 3645; x_wconf 88' lang='grc' dir='ltr'><strong><em>Πανθοίδην</em></strong></span> <span class='ocrx_word' id='word_1_203' title='bbox 1226 3550 1419 3646; x_wconf 70' lang='grc' dir='ltr'><strong><em>Εύηυορβονε</em></strong></span> <span class='ocrx_word' id='word_1_204' title='bbox 1444 3552 1539 3637; x_wconf 81' lang='grc' dir='ltr'><strong><em>Τρὼς</em></strong></span> 
     </span>
     <span class='ocr_line' id='line_1_28' title="bbox 365 3651 1537 3751; baseline 0.003 -28"><span class='ocrx_word' id='word_1_205' title='bbox 365 3651 431 3742; x_wconf 82' lang='grc' dir='ltr'><strong><em>άρα</em></strong></span> <span class='ocrx_word' id='word_1_206' title='bbox 456 3652 475 3725; x_wconf 88' lang='grc' dir='ltr'><strong><em>ό</em></strong></span> <span class='ocrx_word' id='word_1_207' title='bbox 498 3654 685 3751; x_wconf 80' lang='grc' dir='ltr'><strong><em>Εύφορβος.</em></strong></span> <span class='ocrx_word' id='word_1_208' title='bbox 731 3658 819 3731; x_wconf 87' lang='grc' dir='ltr'><strong><em>άλλὰ</em></strong></span> <span class='ocrx_word' id='word_1_209' title='bbox 850 3661 909 3730; x_wconf 84' lang='grc' dir='ltr'><strong><em>καί</em></strong></span> <span class='ocrx_word' id='word_1_210' title='bbox 935 3660 1113 3750; x_wconf 84' lang='grc' dir='ltr'><strong><em>Δάρδανος</em></strong></span> <span class='ocrx_word' id='word_1_211' title='bbox 1145 3670 1200 3751; x_wconf 84' lang='lat' dir='ltr'><strong>(sa.</strong></span> <span class='ocrx_word' id='word_1_212' title='bbox 1232 3669 1267 3730; x_wconf 82' lang='lat' dir='ltr'><em>H</em></span> <span class='ocrx_word' id='word_1_213' title='bbox 1289 3671 1348 3735; x_wconf 81' lang='lat'><strong><em>807</em></strong></span> <span class='ocrx_word' id='word_1_214' title='bbox 1375 3655 1537 3745; x_wconf 81' lang='grc' dir='ltr'><strong><em>σχεδόθεν</em></strong></span> 
     </span>
     <span class='ocr_line' id='line_1_29' title="bbox 363 3760 1539 3862; baseline 0.003 -31"><span class='ocrx_word' id='word_1_215' title='bbox 363 3760 449 3849; x_wconf 84' lang='grc' dir='ltr'><strong><em>βάλε</em></strong></span> <span class='ocrx_word' id='word_1_216' title='bbox 469 3763 644 3855; x_wconf 87' lang='grc' dir='ltr'><strong><em>Δάρδανος</em></strong></span> <span class='ocrx_word' id='word_1_217' title='bbox 665 3766 750 3860; x_wconf 83' lang='grc' dir='ltr'><strong><em>άνήρ</em></strong></span> <span class='ocrx_word' id='word_1_218' title='bbox 771 3767 973 3862; x_wconf 88' lang='grc' dir='ltr'><strong><em>Πανθοίδης</em></strong></span> <span class='ocrx_word' id='word_1_219' title='bbox 991 3766 1199 3862; x_wconf 80' lang='grc' dir='ltr'><strong><em>Είίφορβος)·</em></strong></span> <span class='ocrx_word' id='word_1_220' title='bbox 1222 3768 1254 3840; x_wconf 80' lang='grc' dir='ltr'><strong><em>οἱ</em></strong></span> <span class='ocrx_word' id='word_1_221' title='bbox 1275 3767 1342 3859; x_wconf 81' lang='grc' dir='ltr'><strong><em>άρα</em></strong></span> <span class='ocrx_word' id='word_1_222' title='bbox 1364 3765 1539 3859; x_wconf 90' lang='grc' dir='ltr'><strong><em>Δάρδανοι</em></strong></span> 
     </span>
     <span class='ocr_line' id='line_1_30' title="bbox 368 3871 1537 3968; baseline 0.004 -30"><span class='ocrx_word' id='word_1_223' title='bbox 368 3877 486 3960; x_wconf 81' lang='grc' dir='ltr'><strong><em>Τρῶες.</em></strong></span> <span class='ocrx_word' id='word_1_224' title='bbox 527 3876 583 3944; x_wconf 86' lang='grc' dir='ltr'><strong><em>καί</em></strong></span> <span class='ocrx_word' id='word_1_225' title='bbox 605 3875 658 3947; x_wconf 86' lang='grc' dir='ltr'><strong><em>ότι</em></strong></span> <span class='ocrx_word' id='word_1_226' title='bbox 678 3873 751 3947; x_wconf 76' lang='grc' dir='ltr'><strong><em>ἀντὶ</em></strong></span> <span class='ocrx_word' id='word_1_227' title='bbox 771 3886 830 3948; x_wconf 83' lang='grc' dir='ltr'><strong><em>τοῦ</em></strong></span> <span class='ocrx_word' id='word_1_228' title='bbox 850 3879 909 3949; x_wconf 88' lang='grc' dir='ltr'><strong><em>τὸν</em></strong></span> <span class='ocrx_word' id='word_1_229' title='bbox 930 3878 965 3947; x_wconf 76' lang='grc' dir='ltr'><strong><em>ἐν</em></strong></span> <span class='ocrx_word' id='word_1_230' title='bbox 989 3884 1060 3961; x_wconf 83' lang='grc' dir='ltr'><strong><em>τοῖς</em></strong></span> <span class='ocrx_word' id='word_1_231' title='bbox 1085 3872 1213 3968; x_wconf 75' lang='grc' dir='ltr'><strong><em>Τρωσίν</em></strong></span> <span class='ocrx_word' id='word_1_232' title='bbox 1234 3874 1380 3968; x_wconf 82' lang='grc' dir='ltr'><strong><em>άριοτον·</em></strong></span> <span class='ocrx_word' id='word_1_233' title='bbox 1414 3872 1451 3947; x_wconf 85' lang='grc' dir='ltr'><strong><em>ού</em></strong></span> <span class='ocrx_word' id='word_1_234' title='bbox 1474 3871 1537 3964; x_wconf 86' lang='grc' dir='ltr'><strong><em>χάρ</em></strong></span> 
     </span>
     <span class='ocr_line' id='line_1_31' title="bbox 366 3978 1537 4076; baseline 0.005 -30"><span class='ocrx_word' id='word_1_235' title='bbox 366 3978 455 4049; x_wconf 79' lang='grc' dir='ltr'><strong><em>ἐστιν</em></strong></span> <span class='ocrx_word' id='word_1_236' title='bbox 475 3978 520 4064; x_wconf 88' lang='grc' dir='ltr'><strong><em>ώς</em></strong></span> <span class='ocrx_word' id='word_1_237' title='bbox 541 3984 796 4072; x_wconf 66' lang='grc' dir='ltr'><strong><em>,Μυρμιδόνων</em></strong></span> <span class='ocrx_word' id='word_1_238' title='bbox 815 3987 874 4058; x_wconf 87' lang='grc' dir='ltr'><strong><em>τόν</em></strong></span> <span class='ocrx_word' id='word_1_239' title='bbox 896 3983 1057 4076; x_wconf 60' lang='grc' dir='ltr'><strong><em>άριοτονκ</em></strong></span> <span class='ocrx_word' id='word_1_240' title='bbox 1076 3993 1118 4074; x_wconf 79' lang='grc' dir='ltr'><strong><em>(Σ</em></strong></span> <span class='ocrx_word' id='word_1_241' title='bbox 1139 3993 1199 4075; x_wconf 87' lang='lat'><strong>10).</strong></span> <span class='ocrx_word' id='word_1_242' title='bbox 1234 3989 1273 4056; x_wconf 88' lang='lat' dir='ltr'><strong><em>V.</em></strong></span> <span class='ocrx_word' id='word_1_243' title='bbox 1296 3989 1402 4057; x_wconf 76' lang='lat' dir='ltr'><strong>Sirab.</strong></span> <span class='ocrx_word' id='word_1_244' title='bbox 1422 3988 1537 4060; x_wconf 79' lang='lat' dir='ltr'><strong>X453.</strong></span> 
     </span>
     <span class='ocr_line' id='line_1_32' title="bbox 364 4090 1539 4186; baseline 0.002 -28"><span class='ocrx_word' id='word_1_245' title='bbox 364 4090 424 4158; x_wconf 92' lang='lat' dir='ltr'><strong><em>XII</em></strong></span> <span class='ocrx_word' id='word_1_246' title='bbox 446 4101 506 4162; x_wconf 84' lang='lat'><strong><em>574</em></strong></span> <span class='ocrx_word' id='word_1_247' title='bbox 529 4091 618 4180; x_wconf 74' lang='grc' dir='ltr'><strong><em>λέγει</em></strong></span> <span class='ocrx_word' id='word_1_248' title='bbox 637 4093 699 4180; x_wconf 76' lang='grc' dir='ltr'><strong><em>μὲν</em></strong></span> <span class='ocrx_word' id='word_1_249' title='bbox 719 4094 781 4184; x_wconf 74' lang='grc' dir='ltr'><strong><em>γὰρ</em></strong></span> <span class='ocrx_word' id='word_1_250' title='bbox 803 4093 835 4183; x_wconf 87' lang='grc' dir='ltr'><strong><em>(ό</em></strong></span> <span class='ocrx_word' id='word_1_251' title='bbox 856 4094 1014 4186; x_wconf 81' lang='grc' dir='ltr'><strong><em>ποιητής)</em></strong></span> <span class='ocrx_word' id='word_1_252' title='bbox 1035 4096 1093 4165; x_wconf 84' lang='grc' dir='ltr'><strong><em>καί</em></strong></span> <span class='ocrx_word' id='word_1_253' title='bbox 1113 4101 1231 4176; x_wconf 84' lang='grc' dir='ltr'><strong><em>κοινῶς</em></strong></span> <span class='ocrx_word' id='word_1_254' title='bbox 1252 4091 1405 4176; x_wconf 78' lang='grc' dir='ltr'><strong><em>ἅπαντας</em></strong></span> <span class='ocrx_word' id='word_1_255' title='bbox 1421 4097 1539 4178; x_wconf 86' lang='grc' dir='ltr'><strong><em>Τρώας</em></strong></span> 
     </span>
    </p>
   </div>
   <div class='ocr_carea' id='block_1_10' title="bbox 375 4213 573 4226">
    <p class='ocr_par' dir='ltr' id='par_1_13' title="bbox 375 4213 573 4226">
     <span class='ocr_line' id='line_1_33' title="bbox 375 4213 573 4226; baseline 0 0"><span class='ocrx_word' id='word_1_256' title='bbox 375 4213 573 4226; x_wconf 73' lang='lat' dir='ltr'>——————n</span> 
     </span>
    </p>
   </div>
   <div class='ocr_carea' id='block_1_11' title="bbox 365 4255 1538 4421">
    <p class='ocr_par' dir='ltr' id='par_1_14' title="bbox 365 4255 1538 4421">
     <span class='ocr_line' id='line_1_34' title="bbox 432 4255 1538 4335; baseline 0.002 -18"><span class='ocrx_word' id='word_1_257' title='bbox 432 4264 469 4304; x_wconf 75' lang='lat'><strong><em>¹⁴²</em></strong></span> <span class='ocrx_word' id='word_1_258' title='bbox 485 4262 546 4318; x_wconf 84' lang='lat' dir='ltr'><strong><em>Hoc</em></strong></span> <span class='ocrx_word' id='word_1_259' title='bbox 557 4267 657 4320; x_wconf 80' lang='lat' dir='ltr'><strong>natum</strong></span> <span class='ocrx_word' id='word_1_260' title='bbox 673 4282 708 4321; x_wconf 83' lang='lat' dir='ltr'><strong><em>ex</em></strong></span> <span class='ocrx_word' id='word_1_261' title='bbox 724 4264 844 4322; x_wconf 74' lang='lat' dir='ltr'><strong>lectione</strong></span> <span class='ocrx_word' id='word_1_262' title='bbox 862 4259 1087 4335; x_wconf 86' lang='grc' dir='ltr'><strong><em>πολυστάφυλόν</em></strong></span> <span class='ocrx_word' id='word_1_263' title='bbox 1104 4255 1129 4321; x_wconf 80' lang='grc' dir='ltr'><strong><em>τ’</em></strong></span> <span class='ocrx_word' id='word_1_264' title='bbox 1140 4258 1249 4335; x_wconf 76' lang='grc' dir='ltr'><strong><em>Ἄρνην,</em></strong></span> <span class='ocrx_word' id='word_1_265' title='bbox 1268 4270 1301 4321; x_wconf 75' lang='lat' dir='ltr'><strong><em>ut</em></strong></span> <span class='ocrx_word' id='word_1_266' title='bbox 1316 4281 1411 4322; x_wconf 76' lang='lat' dir='ltr'><strong>varana</strong></span> <span class='ocrx_word' id='word_1_267' title='bbox 1427 4262 1538 4320; x_wconf 78' lang='lat' dir='ltr'><strong>exhiba-</strong></span> 
     </span>
     <span class='ocr_line' id='line_1_35' title="bbox 365 4343 752 4421; baseline 0.016 -21"><span class='ocrx_word' id='word_1_268' title='bbox 365 4347 412 4401; x_wconf 77' lang='lat' dir='ltr'><strong><em>tur</em></strong></span> <span class='ocrx_word' id='word_1_269' title='bbox 428 4364 446 4401; x_wconf 89' lang='lat' dir='ltr'><strong>a</strong></span> <span class='ocrx_word' id='word_1_270' title='bbox 462 4347 559 4419; x_wconf 72' lang='lat' dir='ltr'><strong>steph,</strong></span> <span class='ocrx_word' id='word_1_271' title='bbox 578 4349 610 4408; x_wconf 92' lang='lat' dir='ltr'><strong><em>B.</em></strong></span> <span class='ocrx_word' id='word_1_272' title='bbox 627 4368 648 4405; x_wconf 78' lang='lat' dir='ltr'><strong>a</strong></span> <span class='ocrx_word' id='word_1_273' title='bbox 662 4343 752 4421; x_wconf 78' lang='grc' dir='ltr'><strong><em>Ἄρνη.</em></strong></span> 
     </span>
    </p>
   </div>
   <div class='ocr_carea' id='block_1_12' title="bbox 0 0 1718 4934">
    <p class='ocr_par' dir='ltr' id='par_1_15' title="bbox 0 0 1718 4934">
     <span class='ocr_line' id='line_1_36' title="bbox 0 0 1718 4934; baseline 0 0"><span class='ocrx_word' id='word_1_274' title='bbox 0 0 1718 4934; x_wconf 95' lang='lat' dir='ltr'><strong><em> </em></strong></span> 
     </span>
    </p>
   </div>
  </div>
 </body>
</html>
