3425 4934
411 292 472 355 366
926 282 1068 338 Excumus.

494 453 558 519 Sed
584 473 713 536 porcum
739 450 866 517 chartis.
915 450 1066 517 Eundem
1093 450 1189 535 plone
1219 471 1411 517 consensum
1438 450 1582 515 invenies

410 563 449 623 Π
469 565 530 628 558
565 560 633 644 (ubi
663 559 740 624 dicit
776 551 809 622 51
839 556 984 623 παλαιοὶ
1015 552 1116 644 ἤγουν
1142 551 1270 622 Ἀπίων
1303 554 1360 622 καὶ
1390 548 1584 642 Ἡρόδωρος

411 668 459 753 (Ρ.
484 675 578 748 1975,
599 666 669 750 48))
695 666 734 731 de
764 659 917 751 ἒσῆλατσ.
957 669 978 728 Ι
1000 673 1057 734 147
1084 668 1128 751 (p.
1150 672 1223 747 742,
1245 670 1298 743 63)
1328 667 1368 732 dc
1399 657 1583 746 ἕπιμείλια.

410 778 445 838 ι(
464 781 504 842 55
527 777 560 860 (p
582 780 651 852 555,
673 774 704 856 5)
727 767 943 859 ἐγρήγορωι.
985 776 1018 837 n
1041 776 1099 841 134
1125 776 1212 855 (554,
1232 775 1286 855 no)
1311 762 1418 848 οὖλος.
1461 775 1584 839 Λ155

411 885 499 967 (834,
526 887 579 961 33)
606 875 720 964 λύγος,
752 881 809 946 ubi
840 882 920 947 item
950 886 1042 967 patet
1066 880 1308 946 Herodianeum
1334 903 1403 947 esse
1430 881 1518 965 quod
1545 879 1584 943 de

410 982 534 1072 μόσχος
557 990 642 1068 dicit
663 989 720 1055 sed
740 989 803 1055 hoc
825 990 943 1055 excidit
964 1011 1003 1054 ex
1024 988 1164 1055 scholiis.
1203 989 1310 1056 0329
1327 989 1431 1070 (1017,
1450 992 1504 1069 61)
1526 1010 1586 1050 κα·

410 1099 553 1162 τενῶπα.
589 1099 619 1160 Ε
638 1103 698 1165 219
721 1099 803 1181 (541,
827 1102 877 1180 16)
897 1092 952 1162 νώ.

493 1203 532 1269 15
554 1204 626 1270 aliis
646 1204 836 1289 particulam
860 1205 1002 1291 aliqum
1024 1204 1223 1289 excerpendo
1247 1203 1369 1284 omisit,
1395 1201 1446 1268 vel
1467 1202 1586 1287 paulu·

411 1313 479 1377 lum
505 1313 687 1378 immutavit
707 1313 930 1380 Herodicneae
951 1317 1049 1380 55155
1070 1313 1228 1390 ordinem,
1256 1310 1314 1375 sed
1334 1310 1407 1376 fons
1428 1310 1474 1375 ita
1495 1314 1587 1395 patet

411 1425 448 1486 ut
475 1419 583 1486 nullus
612 1420 806 1486 dubitationi
833 1421 924 1487 locus
953 1422 1007 1501 sit,
1033 1424 1071 1486 51
1092 1412 1256 1507 ἆβληχρός
1280 1421 1309 1484 Θ
1333 1423 1392 1487 178
1413 1420 1501 1499 (705,
1522 1420 1586 1499 60).

411 1520 476 1607 ,ζαίς
495 1530 525 1591 Ε
544 1531 604 1595 887
626 1529 709 1610 (618,
733 1532 793 1611 19).
830 1520 971 1608 Ὀλιζών
992 1533 1022 1593 Β
1045 1536 1106 1597 717
1127 1532 1208 1611 (329,
1233 1530 1291 1611 12).
1325 1518 1458 1611 όμαριή
1481 1526 1586 1592 Ε656

412 1638 493 1716 (592,
508 1638 560 1719 29)
578 1638 611 1701 51
625 1636 752 1720 saepius
768 1635 854 1703 alibi.
890 1635 1039 1723 Denique
1053 1639 1087 1703 in
1101 1636 1308 1723 paucioribus
1329 1656 1416 1701 nuno
1437 1633 1587 1699 scholion

411 1742 589 1809 Herodiuni
610 1745 741 1823 excidit,
771 1744 828 1809 sed
850 1745 906 1829 qui
928 1744 1106 1812 Herodiuni
1126 1745 1246 1810 librum
1266 1747 1301 1809 51
1320 1742 1462 1809 colorem
1486 1742 1587 1821 novit,

411 1873 471 1916 neo
484 1851 519 1916 in
534 1850 585 1917 his
599 1851 650 1916 vel
663 1850 845 1918 levissimae
861 1852 1056 1919 dubitationi
1070 1852 1162 1920 locus
1185 1852 1245 1917 erit
1265 1851 1305 1918 do
1326 1854 1466 1918 5551555.
1498 1849 1538 1914 Ε.
1554 1870 1586 1934 g.

410 1958 441 2021 B
463 1964 524 2027 499
552 1961 638 2039 (267,
658 1960 690 2044 3)
718 1960 757 2025 55
780 1952 942 2043 Ἐρυθραί
970 1983 1073 2046 paene
1102 1965 1209 2027 totum
1235 1960 1354 2028 excidit
1378 1960 1413 2024 in
1439 1958 1586 2024 Venetis.

410 2064 540 2131 Excidit
565 2065 605 2132 ne
633 2054 656 2152 ἦ
688 2058 730 2152 ιη’
760 2057 1147 2153 5155515555,
1177 2072 1243 2152 nu..
1278 2064 1444 2150 ’Ὑρτακος
1472 2071 1506 2128 N
1526 2073 1585 2133 771

411 2176 494 2255 (959,
515 2176 577 2257 32).
618 2170 791 2260 1956555)
811 2175 904 2241 Eust.
926 2199 957 2262 p.
984 2182 1054 2255 118,
1077 2181 1116 2244 37
1139 2178 1189 2258 (Α
1211 2179 1295 2259 365).
1331 2176 1403 2242 Η55
1423 2174 1458 2239 in
1479 2173 1587 2240 Hero-

413 2281 535 2347 diensis
556 2281 688 2347 scholiis
710 2287 760 2349 551
781 2283 821 2348 ud
842 2287 881 2347 A
905 2290 963 2353 156
986 2284 1035 2367 (cl
1058 2290 1119 2352 219
1139 2276 1218 2371 τιή).
1240 2322 1281 2331 -

329 2390 400 2464 (390)
494 2412 525 2475 p.
543 2395 631 2469 1257,
646 2396 685 2457 53
703 2394 752 2473 (Χ
767 2394 818 2474 74)
833 2386 1027 2478 Ἡρόδωρος
1048 2387 1086 2456 δὲ
1107 2389 1164 2457 καὶ
1180 2383 1309 2455 Ἀπίων
1331 2386 1366 2455 ἐν
1386 2394 1458 2468 τοῖς
1478 2383 1528 2467 είς
1548 2387 1586 2455 τὸ

410 2520 454 2575 ιιι
475 2491 623 2577 σχολίοις
644 2494 778 2581 λέγουσι
799 2496 856 2565 καί
877 2491 1039 2580 ὀξυτόνως
1059 2490 1278 2585 εὑρίσκεσθαι
1297 2494 1396 2585 καρή,
1420 2503 1479 2567 oct
1514 2498 1587 2565 Hoc

411 2606 555 2672 invenies
576 2609 614 2671 51
635 2607 727 2673 decet
748 2607 834 2692 apud
854 2607 1077 2675 Herodianum
1104 2610 1138 2671 Π
1156 2612 1227 2676 548.
1247 2646 1288 2655 -

495 2713 559 2780 Sed
582 2712 617 2779 in
643 2714 694 2780 his
723 2716 874 2781 omnibus
893 2715 1115 2783 Herodianum
1142 2738 1176 2781 55
1202 2716 1310 2802 legere
1337 2715 1400 2780 hoc
1421 2715 1518 2800 plone
1541 2714 1588 2779 15·

412 2821 476 2887 tuit
496 2821 714 2891 Eustuthium.
753 2820 839 2888 Num
866 2823 906 2889 de
925 2818 1100 2910 χείμαρροι
1126 2823 1186 2889 sub
1209 2823 1347 2908 Apionis
1370 2826 1403 2888 ct
1424 2821 1587 2889 Herodori

413 2930 543 2995 nomine
564 2929 664 2996 habet
684 2934 795 2997 notum

450 3040 482 3101 A
503 3043 563 3105 452
584 3060 615 3123 p.
639 3043 709 3119 496,
731 3042 770 3106 36
792 3073 832 3086 -
855 3060 937 3123 quse
960 3043 1010 3105 est
1032 3040 1226 3109 adverbum
1247 3076 1287 3088 —-
1309 3039 1486 3107 Herodisni
1506 3038 1553 3105 ib.

413 3139 529 3209 ὅτιτὸ
557 3140 745 3231 χείμαρροι,
774 3139 819 3224 ὡς
845 3141 881 3211 ἐν
909 3148 980 3223 τοῖς
1021 3145 1234 3229 Πτολεμαῖος
1281 3140 1299 3211 ὁ
1344 3140 1590 3232 Ἀσκαλωνίτης

410 3245 577 3329 Ἀπίωνος
599 3250 657 3317 καί
674 3246 870 3338 Ἡρσδαίρου
897 3249 978 3340 φαί-
1020 3249 1214 3340 παροξύνει,
1238 3250 1313 3319 ἐπεὶ
1330 3252 1369 3322 τὸ
1387 3248 1494 3321 ἑνικόν
1517 3250 1588 3318 ἐστι

412 3382 518 3439 ννιαι,
541 3359 755 3443 Πτολεμαῖος
777 3357 838 3443 μὲν
860 3354 879 3426 ὃ
901 3354 978 3427 'Ao-
1018 3358 1228 3449 χειμάρρους·
1259 3357 1383 3440 Νικίας
1409 3359 1446 3428 δὲ
1466 3355 1512 3439 ὡς
1535 3354 1589 3426 εό-

412 3462 595 3555 καλωνίτης
624 3461 803 3551 παροξύνει
834 3462 880 3547 ὥς
907 3461 976 3535 ἀπὸ
1021 3470 1134 3552 ζωνοι,
1162 3468 1220 3538 καὶ
1239 3465 1373 3559 μήποτε
1393 3463 1588 3535 πιθανώτε-

411 3579 469 3642 555
492 3569 706 3663 χειμάρρους,
733 3577 788 3642 ἵνα
814 3573 899 3667 φέρῃ
920 3575 978 3643 τὸν
1021 3601 1093 3664 ραν,
1126 3578 1181 3644 ἵνα
1207 3575 1244 3645 ἐκ
1267 3583 1329 3647 τοῦ
1347 3571 1549 3663 χειμάρροος
1569 3566 1589 3664 ᾗ
1671 3626 1672 3635 ¹

411 3679 508 3750 τόνον
526 3685 586 3771 τῆς
609 3679 721 3773 ἑνικῆς
742 3677 890 3764 εὐθείας,
914 3690 980 3750 Νι·
1022 3681 1169 3772 γεγονός,
1201 3680 1236 3751 εἴ
1253 3709 1289 3772 χι
1308 3686 1439 3770 μᾶλλον
1460 3681 1589 3751 ἐντελέ-

412 3786 489 3870 κίας
518 3789 556 3858 dd
585 3784 837 3879 προπαροξύνει
871 3796 981 3859 πιθα·
1023 3816 1145 3880 σσερον.
1188 3788 1221 3860 oi
1244 3792 1282 3860 δὲ
1308 3795 1341 3878 (1
1371 3785 1442 3861 οἶδε
1473 3790 1524 3875 δὲ)
1551 3790 1587 3857 τὸ

350 3913 398 3964 ³7³
417 3895 557 3986 ναίνιρσν
596 3896 633 3966 ἐκ
673 3902 734 3968 τοῦ
770 3895 979 3987 χειμάρροος,
1025 3896 1135 3969 ἑνικὸν
1149 3898 1184 3967 ἓν
1198 3905 1239 3992 τῇ
1258 3899 1417 3970 συνθέσει
1438 3903 1524 3986 (edd.
1540 3898 1588 3966 ἐν·

413 4005 468 4072 ἵνα
492 4002 548 4097 ἔχῃ
574 4006 744 4096 σοχκσπὴν
775 4005 812 4075 ἐκ
832 4011 893 4078 τοῦ
911 4032 980 4090 χει·
1020 4006 1210 4096 τελέστερσν
1247 4010 1389 4098 μᾶλλον)
1428 4003 1513 4098 ἥπερ
1550 4007 1588 4073 τὸ

412 4113 563 4201 μόρροοι.
618 4112 752 4201 λέγουσι
785 4112 823 4183 δὲ
857 4113 981 4184 ἐκεῖνοι
1021 4115 1262 4205 συνηλιμμένσν
1296 4115 1443 4198 ,ὅσσους
1468 4110 1588 4203 (Ελλή-

413 4218 628 4312 ότιὍμηρσς
654 4222 696 4290 τὰ
720 4226 861 4290 τοιαῦτα
886 4218 979 4291 ἑνικὰ
1021 4250 1163 4306 σπσννος
1182 4220 1384 4315 ἀχόρροσςίί,
1406 4221 1515 4313 ,στήῃ
1535 4216 1585 4290 ἐπ’

414 4326 637 4417 ἐνιελόστερσν
653 4322 724 4399 5135
741 4325 979 4423 προφσρόμενα
1021 4330 1157 4424 ὠκυρόῳ
1173 4340 1346 4423 55555311,
1366 4333 1423 4423 ,ἐς
1436 4333 1588 4420 ποταμὸν
