3425 4934
341 321 381 384 28
621 316 642 369 L
668 315 710 372 De
727 315 851 372 fontibus
871 315 1015 372 doctrinae
1032 315 1232 372 Aristarchsac.

340 480 419 548 Uter
444 482 507 548 fide
535 482 664 566 dignior
691 485 734 549 sit
761 485 788 549 si
814 486 848 550 in
875 486 1059 551 universum
1080 485 1300 559 iudicandum,
1327 483 1433 569 palma
1452 484 1512 548 tri·

344 590 468 655 buenda
487 590 635 675 Didymo.
676 591 761 658 Nam
785 592 813 657 is
841 593 943 658 multo
969 593 1114 677 pluribus
1136 614 1212 657 1111
1236 591 1455 657 estsubsidiis
1477 594 1511 657 11

341 697 528 763 accuratius.
570 698 772 765 Aristonicus
803 723 864 766 nec
890 700 991 766 libros
1018 697 1070 781 (τὰ
1095 693 1344 782 συγγράμματα)
1371 698 1512 782 inspexit

341 825 400 868 nec
427 803 504 869 alias
530 805 688 872 editiones
713 807 939 893 inveniturqne
969 808 1003 871 in
1030 807 1070 871 iis
1098 806 1259 871 erroribus
1288 805 1400 883 fuisse,
1429 827 1511 889 quos

340 910 497 995 Didymus
518 912 647 978 scholae
674 937 795 979 errores
820 915 905 979 dicit.
945 913 1056 979 Talem
1082 913 1343 979 scholasticorum
1370 933 1509 977 errorem

275 1013 376 1083 (³2lin
401 1000 539 1084 lectione
565 1016 669 1101 μέγας
689 1020 771 1097 Ζεύς
796 1024 822 1084 Β
850 1030 905 1089 111
933 1023 1059 1087 notavit
1084 1023 1253 1107 Didymus:
1285 1021 1319 1084 11
1346 1019 1449 1083 estin
1471 1041 1510 1083 11

342 1147 448 1191 errore
462 1127 673 1208 Aristonicus,
689 1131 719 1192 B
735 1137 803 1197 111.
825 1131 845 1191 Ι
860 1135 906 1198 18.
940 1128 1018 1194 Non
1035 1130 1230 1195 conveniunt
1245 1128 1284 1192 de
1299 1126 1510 1211 explicatione

340 1232 546 1299 Aristarchea
568 1238 597 1297 Β
621 1243 678 1304 125
701 1237 785 1319 (vide
806 1259 892 1302 nunc
914 1258 996 1321 quae
1018 1236 1083 1300 dixi
1105 1236 1146 1301 ad
1167 1236 1384 1302 Aristonicum
1399 1232 1510 1298 Fried-

340 1341 484 1406 laenderi
505 1364 543 1407 eo
565 1342 658 1427 loco).
684 1381 726 1392 —
750 1343 836 1410 Loco
858 1347 897 1407 Π
915 1350 975 1412 467
1002 1342 1168 1409 miraberis
1191 1366 1287 1428 quam
1307 1341 1511 1407 Aristonicus

342 1471 471 1515 securus
496 1450 550 1529 sit,
566 1466 569 1471 ’
583 1451 640 1517 ubi
666 1450 823 1537 Didymus
849 1451 1055 1516 Aristarchea
1079 1474 1145 1517 non
1171 1472 1240 1515 esse
1270 1450 1322 1515 vel
1350 1471 1510 1515 essenon

340 1579 435 1641 posse
458 1557 630 1624 extricavit.
670 1559 756 1624 Hinc
785 1558 882 1623 simul
903 1558 1086 1645 colligImus
1108 1561 1195 1640 (nam
1217 1557 1335 1622 diserta
1356 1579 1394 1622 ea
1415 1557 1454 1621 de
1475 1578 1510 1622 re

341 1664 526 1729 testimonia
550 1687 618 1730 non
645 1669 733 1745 sunt,
763 1688 822 1731 nec
849 1666 931 1731 alter
956 1666 1094 1730 alterum
1119 1665 1160 1730 ad
1181 1668 1288 1750 partes
1308 1668 1414 1745 vocat)
1437 1664 1511 1729 Ari·

341 1771 502 1837 stonicum
533 1771 652 1837 librum
682 1796 776 1839 suum
807 1774 971 1859 scripsisse
1003 1776 1176 1857 antequam
1203 1771 1332 1857 Didymi
1365 1795 1446 1857 opus
1475 1771 1510 1836 in

339 1876 457 1963 vulgus
480 1878 601 1943 editum
622 1885 715 1946 esset.
759 1880 831 1946 Hoc
853 1903 963 1966 opere,
987 1882 1014 1945 si
1034 1881 1099 1945 iam
1119 1883 1189 1944 tum
1211 1880 1410 1958 innotuerat,
1435 1879 1511 1943 Ari·

341 1984 484 2050 stonicus
514 2007 621 2051 carere
651 2009 717 2053 non
749 1989 859 2073 potuit
889 2011 949 2054 nec
975 1988 1152 2073 quidquam
1180 1988 1221 2052 ad
1247 1988 1315 2052 1111
1341 1987 1509 2053 consilium

340 2093 553 2170 commodius;
573 2094 731 2179 Didymus
746 2100 866 2175 contra,
884 2098 973 2181 ipsos
987 2095 1093 2161 fontes
1108 2096 1226 2173 adiens,
1247 2095 1422 2159 Aristonici
1436 2096 1510 2160 bre·

339 2200 440 2265 viario
455 2201 584 2266 carebat
603 2201 764 2267 facillime.
800 2202 906 2269 Nobis
926 2203 1094 2288 utriusque
1117 2224 1214 2288 opera
1231 2203 1344 2285 quanti
1364 2202 1511 2266 facienda

341 2307 384 2372 sit
409 2331 571 2393 quamque
598 2314 691 2394 grato
720 2312 915 2398 accipiamus
944 2311 1052 2376 animo
1078 2309 1287 2375 indicavimus
1309 2310 1395 2374 satis.
1437 2307 1510 2373 Hoc

341 2417 449 2479 tamen
463 2415 532 2480 iure
546 2419 682 2495 utemur,
699 2420 786 2503 qnod
801 2420 907 2505 ipsum
921 2417 1137 2503 disputatione
1152 2420 1263 2482 nostra
1271 2416 1509 2495 vindicavimus,

341 2525 439 2586 utne
465 2522 546 2588 istos
574 2525 705 2609 quidem
730 2525 825 2591 laude
856 2527 988 2591 minime
1013 2524 1247 2589 defraudandos
1274 2526 1420 2588 auctores
1441 2522 1510 2586 sinc

342 2650 447 2695 errore
477 2652 546 2695 esse
573 2632 607 2697 in
629 2632 835 2698 Aristarchea
862 2633 1008 2698 doctrina
1033 2631 1237 2716 lectioneque
1266 2629 1422 2695 medenda
1442 2652 1511 2694 me·

341 2759 536 2804 mmenmus.

424 2941 445 3018 ξ
468 2944 515 3005 10.
553 2937 702 3003 Ceterum
728 2961 810 3022 quae
831 2936 977 3023 Didymi,
1005 2960 1088 3022 quae
1110 2936 1285 3002 Aristonici
1312 2938 1409 3001 notae
1434 2940 1511 3002 sunt

341 3045 376 3109 in
397 3044 465 3109 cod.
487 3044 614 3110 Veneto
636 3045 728 3111 facile
749 3047 930 3131 produntur
950 3045 1118 3130 utriusque
1140 3043 1246 3128 operis
1268 3042 1411 3109 consilio.
1449 3044 1511 3108 At-

341 3156 450 3217 tamen
480 3155 529 3216 111
554 3153 610 3217 ubi
640 3175 707 3219 non
728 3154 832 3238 possit
853 3153 923 3218 fieri
944 3156 981 3218 11
1001 3157 1137 3237 uterque
1159 3153 1383 3237 distinguatur.
1425 3149 1510 3216 Nam

343 3263 377 3325 et
398 3259 469 3324 aliis
495 3260 530 3323 in
550 3262 647 3326 rebus
669 3260 755 3326 haud
776 3283 848 3326 raro
877 3265 910 3325 et
935 3261 969 3324 in
995 3259 1199 3326 athetesibus
1220 3258 1415 3345 explicandis
1441 3280 1511 3323 sae-

341 3367 473 3452 pissime
498 3367 666 3452 utriusque
695 3390 792 3453 opera
816 3369 978 3433 simillima
1004 3371 1080 3431 erat.
1128 3368 1200 3433 Hoc
1225 3367 1294 3451 ipse
1319 3366 1513 3451 epitomata

341 3475 471 3540 indicat.
508 3475 539 3539 Θ
552 3478 612 3542 535
634 3476 843 3541 annotatione
860 3475 1036 3540 Aristonici
1056 3476 1163 3560 posita
1185 3474 1288 3539 addit:
1308 3469 1350 3537 τὰ
1373 3466 1457 3538 αὐτὰ
1476 3470 1514 3538 δὲ

343 3577 432 3664 λέγει
453 3577 608 3665 περὶτῶν
628 3577 746 3662 στίχων
765 3580 890 3669 τούτων
911 3577 931 3648 ὁ
949 3580 1099 3663 Δίδυμος
1119 3571 1143 3646 dl
1162 3579 1219 3647 καὶ
1237 3575 1256 3646 ὁ
1276 3574 1514 3666 Ἀριστόνικος·

299 3702 331 3754 28
344 3685 398 3753 διὸ
421 3681 482 3754 οὐκ
504 3683 698 3774 ἐγράψαμεν
724 3688 766 3755 τὰ
788 3684 951 3772 Διδύμου.
991 3693 1080 3759 086
1100 3692 1203 3754 ταῦτα
1225 3683 1243 3755 ὁ
1266 3684 1417 3771 Δίδυμος
1436 3683 1455 3755 ὁ
1481 3691 1514 3773 (l

344 3786 532 3883 duodocffl)
562 3789 777 3884 Ἀριστονίκῳ
808 3794 898 3882 λέγει
919 3794 998 3881 περὶ
1022 3800 1084 3881 τῆς
1112 3801 1243 3885 γραφῆς
1271 3800 1330 3886 τῆς
1361 3793 1514 3865 diaconos.

343 3906 383 3967 H
400 3909 461 3972 255
491 3898 603 3990 ὥσπερ
624 3902 682 3970 καὶ
703 3898 722 3972 ὁ
743 3899 970 3991 Ἀριστόνικος
996 3900 1182 3993 ἐκτίθησιν,
1212 3896 1252 3993 ἣν
1270 3901 1424 3989 περιττὸν
1445 3900 1517 3970 ἐνο-

342 4003 486 4093 μίσαμεν
508 4005 648 4099 γράψαι.

412 4279 454 4322 ¹2⁸
477 4278 589 4349 <Melius
610 4277 809 4334 Friedlaender
830 4272 922 4335 1111τᾶ
942 4278 1015 4349 (cod.
1037 4263 1104 4348 aad)
1126 4278 1143 4334 d
1165 4280 1293 4345 Δίδυμος
1314 4277 1514 4351 1111111111,

344 4377 402 4417 non
420 4362 448 4431 1)
465 4354 646 4437 hecatontas
664 4363 743 4434 λέγει
759 4358 833 4431 ati.)
