3425 4934
633 321 656 374 1.
678 315 721 372 De
739 318 910 375 oooentibue.
1295 326 1356 390 253
1428 291 1430 296 Ι

185 478 316 548 δίκαι’
348 476 459 563 όξσῖαν
482 474 593 549 τίσιν·
629 479 649 551 ὁ
677 481 739 569 γὰρ
762 477 976 569 Ἀρίσταρχος
1002 478 1238 573 παρήγγελλεν.
1277 482 1358 566 ἴσως

185 585 222 656 dd
235 588 420 677 σημειώδης
434 585 452 656 ό
467 585 575 669 τόνος
597 588 640 657 τὰ
657 589 721 677 γὰρ
740 586 789 671 τίς
808 615 867 677 ρος
889 585 1033 678 λήγοντα
1054 587 1241 677 δισύλλαβα
1263 589 1357 661 ento

184 693 299 778 ἔχοντα
323 695 384 785 τὴν
407 721 446 764 ου
467 694 659 788 δίφθογγον
684 695 880 784 ἐβαρύνετο,
908 702 1043 784 κοῦρος,
1072 702 1201 785 θοῦρος
1208 751 1219 786 ,
1245 691 1357 783 σόρος·

184 802 323 890 καὶγὰρ
344 809 449 873 ταῦτα
471 803 631 890 περισσόν
652 800 720 887 ἔχει
739 804 778 874 τό
799 809 884 875 v¹⁷⁴.
921 800 1003 883 ἴσως
1029 796 1087 873 οόν
1109 801 1156 886 τίς
1177 801 1358 898 ἀποφυγὴν

183 917 243 979 σού
264 910 321 981 ἐπὶ
342 917 402 979 τοῦ
423 907 557 998 όνίμοο.
601 911 670 980 καί
696 912 771 1001 γὰρ
800 912 872 981 καί
894 908 953 981 ἐπ’
978 906 1108 981 όλλων
1128 914 1173 982 τὸ
1194 920 1358 983 τοιοῦτο

185 1023 296 1087 ποιοῖ
316 1015 336 1088 ό
358 1013 467 1108 ἀνήρ.
501 1022 594 1090 Adde
617 1024 658 1091 sd
678 1026 797 1093 11415

263 1122 488 1218 Ἀμφοτερόν.·
519 1122 568 1208 τίς
596 1128 778 1218 διαστολὴν
799 1128 838 1197 τὸ
865 1123 979 1215 κύριον
1006 1123 1170 1210 ὀξυτόνως
1191 1123 1356 1215 όνέγνωὸ

181 1230 394 1321 Ἀρίσταρχος
407 1229 455 1315 ὡς
469 1230 647 1320 δεξιτερόν·
668 1235 726 1304 καί
740 1234 950 1325 ἐσείσθησαν
964 1231 999 1305 oi
1013 1232 1246 1321 γραμματικοί.
1267 1238 1358 1322 περὶ

185 1342 227 1411 dd
250 1348 318 1432 τῆς
343 1338 530 1432 τοιαύτης
552 1340 786 1430 ἀνωμαλίας
814 1348 884 1412 τοῦ
913 1338 1057 1428 ἀνδρὸς
1078 1340 1113 1411 ἐν
1132 1340 1258 1430 ἑτέροις
1279 1341 1358 1435 ἡμῖν

184 1446 322 1538 είρηται.

266 1561 304 1628 Id
320 1561 490 1648 significet,
513 1563 602 1648 quod
615 1562 757 1629 habebut
771 1565 801 1627 B
819 1567 885 1640 153,
906 1560 1129 1629 Aristarchum
1148 1562 1252 1629 solere
1275 1564 1357 1631 eius·

186 1671 257 1736 dem
275 1669 398 1735 formes
424 1670 677 1756 significetiones
699 1670 802 1736 verius
824 1671 959 1737 occentu
981 1668 1190 1754 distinguere.
1228 1671 1264 1738 si
1286 1673 1357 1757 qui·

186 1778 257 1844 dem
271 1777 406 1843 innuere
420 1777 523 1842 voluit
545 1800 583 1843 eo
604 1801 682 1863 pree
705 1777 819 1844 oetsris
832 1775 1055 1844 Aristarchum
1076 1776 1256 1862 inclinasse,
1276 1778 1357 1846 fslse

184 1884 381 1951 insimulatio
404 1888 462 1951 est
506 1884 665 1952 Distinxit
693 1885 824 1971 quidem
845 1874 945 1968 σύρας
967 1876 1081 1965 οόρός,
1111 1882 1218 1970 δῆμος
1238 1881 1354 1971 όημός,

185 2014 251 2057 non
278 1991 405 2077 scripsit
427 1985 596 2078 Ἀψσύόης
625 1995 659 2058 ot
685 1987 873 2079 Νημίρτης,
905 1995 943 2057 ut
973 1993 1104 2077 propris
1128 1992 1256 2069 fierent,
1289 2015 1357 2059 non

186 2099 332 2166 distinxit
359 2092 411 2175 λίς
433 2102 468 2164 et
492 2097 557 2175 λῖς,
591 2121 659 2164 non
688 2122 770 2185 quse
790 2099 847 2165 elii
869 2099 1097 2179 distinxerunt,
1128 2092 1199 2164 όττό
1223 2105 1258 2167 ot
1285 2091 1356 2164 όίττο

186 2209 321 2292 (quaest
354 2229 403 2290 ep.
430 2228 514 2291 spec.
540 2205 555 2272 1
585 2209 665 2291 §10
689 2230 720 2292 p.
742 2212 782 2274 23
813 2207 953 2291 <quaest
978 2228 1028 2291 ep.
1051 2231 1082 2292 p.
1102 2207 1186 2293 94)),
1214 2200 1298 2272 αἰπύ
1324 2212 1357 2273 et

185 2304 284 2380 Αἶπυ
306 2317 349 2398 (Β
371 2316 459 2397 592),
478 2307 548 2399 Ἵρη
575 2318 609 2381 et
629 2306 684 2399 ἱρή
711 2315 745 2398 (Ι
766 2317 849 2397 150),
876 2306 982 2394 Κριός
1011 2318 1044 2382 et
1067 2316 1169 2397 Κρῖος
1189 2317 1231 2398 (v.
1252 2315 1291 2382 Ε.
1313 2314 1357 2382 Μ.

186 2424 324 2506 539J¹⁷⁵‚
352 2425 390 2489 ut
415 2420 466 2488 vel
487 2421 653 2488 modestus
674 2421 708 2486 in
730 2421 781 2487 his
803 2421 991 2489 differentiis
1012 2422 1124 2505 fuerit,
1145 2444 1226 2508 quas
1244 2444 1355 2490 reeen-
1367 2432 1437 2502 (eto)

187 2531 301 2599 tissimi
328 2530 448 2616 quique
477 2529 678 2616 grommstioi
702 2529 913 2595 immoderate
935 2533 1105 2596 suxerunt:
1138 2530 1189 2596 sin
1211 2530 1357 2597 distinxit

186 2638 238 2705 vel
265 2661 326 2705 usu
352 2638 404 2703 vel
430 2637 556 2703 rstione
584 2639 782 2703 commotum
807 2637 907 2703 fuisse
928 2637 1056 2707 credere
1078 2660 1137 2722 per
1158 2642 1215 2704 est
1252 2636 1356 2716 Quid?

187 2746 214 2811 si
240 2746 322 2812 ratio
350 2769 424 2811 eum
444 2744 583 2812 fefellit?
608 2744 824 2829 Exploremus
848 2743 936 2810 huno
961 2744 1068 2810 locum
1093 2745 1132 2810 de
1151 2735 1358 2831 Ἀμφοτσρός

186 2853 284 2938 poulo
301 2848 486 2919 'aoourstius
507 2854 548 2919 od
569 2874 666 2938 quem
687 2874 761 2938 spes
783 2855 833 2917 est
853 2852 949 2919 nobis
970 2852 1094 2917 editum
1114 2851 1192 2917 fore.

268 2959 366 3046 Apud
395 2959 616 3027 Herodianum
648 2961 689 3026 ed
720 2962 751 3022 Σ
777 2963 838 3028 319
868 2956 930 3024 hoo
960 2958 1111 3045 legimus:
1142 2953 1284 3041 σκύμνος
1314 2951 1360 3036 ὡς

186 3062 289 3151 ύμνος
313 3060 363 3144 εἷς
389 3060 541 3152 ίόιότητα
569 3058 777 3152 ἀνεγνώσθη·
815 3062 857 3131 τὸ
885 3060 1025 3148 μέντοι
1055 3057 1359 3151 σἰνόρωνυμικόν

186 3167 405 3255 ὀξύνεσθαι
437 3167 547 3254 σίξιοῖ
574 3166 593 3239 ό
617 3165 912 3259 Ἀσκαλωνίτης
939 3169 1039 3256 πρὸς
1065 3170 1270 3259 όιαηνορόν.
1312 3175 1424 3241 111267

186 3306 247 3351 neo
273 3282 425 3350 scribitur
446 3304 564 3348 nomen
591 3283 757 3367 proprium
777 3274 982 3362 Σκομνός1Ὶῦ
1004 3302 1064 3346 σεο
1089 3280 1227 3367 intelligi
1251 3286 1360 3367 potest

187 3412 245 3456 our
265 3391 375 3475 potius
395 3388 458 3457 hoo
480 3388 672 3456 vocobulum
693 3392 829 3455 sooentu
849 3389 891 3454 ab
914 3387 1108 3473 appellativo
1130 3389 1287 3475 distingui
1305 3389 1358 3455 de·

186 3498 264 3565 best
289 3519 387 3584 quem
413 3487 556 3576 Κύκνος,
588 3488 720 3573 Λύκος,
758 3487 892 3572 Ψίλλος
916 3496 1048 3578 (Herod
1075 3496 1189 3562 Arcod.
1217 3501 1271 3574 53,
1300 3499 1359 3578 16),

187 3599 305 3688 Λίων,
341 3600 483 3687 Κύπρος
516 3605 637 3691 (plures
663 3608 752 3684 suut,
789 3625 871 3689 quos
903 3607 1133 3670 commemoret
1162 3603 1359 3688 Pausanias),

190 3707 334 3796 Σκύλαξ,
355 3707 488 3796 Κόραξ,
514 3714 662 3795 Ταῦρος,
683 3706 847 3794 Γρύλλος,
870 3708 1025 3795 Δράκων,
1049 3704 1203 3790 Μόσχος,
1223 3709 1356 3788 Πῶλος,

189 3875 395 3885 -ᾳ--φ-

257 3962 294 4003 ¹²⁴
311 3960 411 4017 Arosd.
429 3966 471 4030 69,
494 3965 527 4016 17
548 3957 588 4017 τὰ
610 3959 652 4025 εἰς
673 3977 726 4033 ρος
748 3952 906 4031 δισύλλαβα
928 3956 1007 4017 ἁπλᾶ
1025 3953 1250 4031 παραληγόμτνα
1269 3964 1305 4031 τῇ
1324 3979 1359 4016 ον

188 4038 345 4119 leptim»
354 4038 521 4117 βαρύνεται,
539 4042 672 4116 τίμησις
685 4038 730 4115 εἴη
742 4046 890 4114 διαστολή,
907 4034 995 4116 σύρας
1008 4044 1024 4100 ό
1037 4038 1154 4113 ἄνεμος,
1170 4038 1258 4112 οὖρός
1269 4038 1361 4109 τόσος

188 4133 206 4189 d
224 4131 445 4201 περιορίζων
461 4127 514 4195 τὰς
531 4135 607 4194 ναῦς.

255 4218 294 4259 1⁷⁵
311 4214 369 4271 Neo
395 4213 425 4270 in
447 4212 676 4286 Orthogrsphiois
696 4214 781 4284 Βησα
806 4215 836 4269 et
855 4215 962 4284 βησσα,
990 4213 1029 4268 sd
1053 4214 1079 4269 B
1102 4218 1160 4269 532.
1197 4213 1238 4271 ef.
1263 4212 1359 4284 Steph.

188 4302 293 4428 35⁸}ss
309 4318 445 4451 ἓκύμνος
464 4374 480 4438 ό
493 4386 673 4456 Ταραντῖνος
684 4381 784 4439 Athen.
798 4380 812 4435 Ι
824 4386 857 4437 10
864 4395 885 4436 ·.
903 4381 955 4437 XII
968 4386 1042 4437 5380.
1073 4381 1253 4452 Geogrsphus
1268 4384 1359 4438 notus.
