3425 4934
384 341 442 402 160
464 333 497 387 Π.
525 332 566 387 De
585 332 766 388 Aristarchea
782 333 982 390 vocabulorum
1000 334 1211 391 Homericcrnm
1228 332 1468 404 interpretatione.

379 522 410 584 p.
431 506 502 568 240.
536 498 606 567 Nec
629 506 663 564 X
684 507 751 579 127,
773 502 813 566 ad
836 524 932 586 quem
953 503 1061 568 locum
1081 502 1135 569 ille
1156 493 1376 588 provocaturi
1397 493 1459 581 μέν
1479 519 1552 573 πως

379 609 436 671 νῦν
450 603 538 672 ἐστιν
553 600 624 676 ἀπὸ
647 606 746 690 δρυὸς
765 602 840 674 οόδ’
857 603 928 676 ἀπὸ
949 605 1071 696 πέτρης
1089 612 1137 696 τῷ
1156 603 1371 696 ὀαριζέμεναι
1391 601 1450 671 ἅτε
1467 628 1553 689 παρ-

379 710 481 792 θένος
494 709 617 802 ήΐθεός
628 739 675 795 τε,
698 713 873 799 παρθένος
885 711 1008 804 ήΐθεός
1021 709 1048 781 τ’
1065 710 1235 802 ὀαρίζετον
1250 709 1439 803 ἀλλήλοιιν,
1458 714 1552 779 aliter

379 825 530 909 explicari
556 829 666 910 potest
692 847 789 910 quam
815 847 906 905 „cum
923 826 981 892 illo
1004 826 1145 910 colloqui
1167 825 1276 911 qualia
1296 824 1552 908 colloquuntnr.“

379 930 586 998 Recentiores
602 933 685 1017 epici
699 928 758 996 ἅτε
772 953 831 1018 pro
849 933 1001 1000 adverbio
1015 933 1230 1018 frequentant
1252 955 1278 1000 e.
1294 954 1326 1017 g.
1342 954 1415 997 cnm
1435 930 1552 996 similia

379 1044 515 1123 ponunt.
536 1078 578 1088 -

462 1147 526 1214 Sed
539 1148 586 1214 rei
602 1171 660 1233 per
681 1171 715 1215 se
736 1149 882 1214 infinitae
903 1149 1072 1233 ponendus
1094 1153 1145 1215 est
1164 1148 1288 1214 modus.
1325 1145 1430 1224 Quare
1451 1145 1553 1223 exiis,

381 1255 419 1319 de
441 1255 558 1340 quibus
577 1278 674 1340 supra
695 1256 875 1323 Aristarchi
896 1257 1137 1323 observationes
1157 1254 1384 1334 recensuimus,
1403 1254 1467 1319 tria
1479 1256 1552 1318 tan·

379 1382 468 1446 gam:
488 1366 558 1427 tum
579 1363 663 1429 hanc
685 1364 944 1432 dissertationem
965 1363 1164 1431 concludam.
1205 1362 1294 1427 Haec
1313 1365 1409 1428 sunto
1432 1361 1552 1449 φοβεῖ-

380 1472 476 1547 σθαι,
501 1473 606 1555 σῶμα,
630 1466 714 1549 δαίς.
746 1470 784 1537 In
799 1475 989 1560 φοβεῖσθαι
1004 1476 1037 1540 et
1051 1475 1144 1555 σῶμα
1158 1474 1285 1537 mnium
1303 1491 1433 1535 necesse
1455 1490 1553 1554 quee-

379 1577 451 1643 dam
482 1578 646 1662 epicorum
676 1601 805 1663 ponera.
856 1581 1083 1667 mellciades
1111 1572 1159 1665 μή
1188 1576 1297 1658 Quinc
1328 1575 1393 1642 Sin.
1423 1576 1456 1639 A
1480 1581 1550 1644 484.

298 1694 368 1765 (164)
379 1684 463 1751 Item
488 1687 519 1749 Β
540 1691 560 1754 6
585 1681 661 1751 ἐπεὶ
687 1679 814 1774 φόβος
834 1680 957 1771 ἔλλαβε
977 1681 1118 1766 πάντας,
1144 1683 1191 1773 μή
1212 1679 1321 1772 δήπου
1341 1680 1429 1767 μέγα
1447 1683 1553 1762 τεῖχος

376 1785 551 1880 δπερθόρη
585 1783 727 1877 όβριμος
753 1787 846 1881 ἀνήρ.
895 1796 976 1863 Oum
1006 1796 1149 1883 genitivo
1181 1795 1250 1859 eius
1283 1790 1370 1878 quod
1401 1790 1551 1857 timemus

378 1894 495 1989 φόβος·
531 1900 613 1986 Opp.
627 1900 701 1967 Hal.
716 1905 755 1966 A
768 1909 829 1973 203
845 1894 891 1981 δίς
906 1896 967 1988 oi'y'
986 1895 1210 1985 ὠκυπόροισιν
1228 1892 1283 1966 ἀεὶ
1300 1897 1429 1986 νήεσσιν
1450 1892 1551 1962 ἕπον-

376 2030 442 2086 ται,
473 2000 548 2094 ὀφρ’
572 1999 662 2084 οότις
683 2003 779 2095 γαίης
800 2005 893 2076 έλάει
914 2005 1032 2100 φόβος.
1072 2009 1155 2077 Item
1176 2003 1284 2097 φόβος
1303 2008 1402 2073 timor
1423 2008 1461 2071 A
1481 2012 1550 2073 741.

378 2121 448 2183 746.
470 2118 501 2178 Γ
521 2120 580 2183 160
601 2119 636 2181 et
656 2117 792 2201 saepius.
814 2158 854 2171 -
875 2121 1000 2201 Σῶμα.
1027 2117 1105 2184 Hes.
1127 2118 1186 2203 Op.
1209 2123 1270 2185 540
1291 2112 1352 2201 τήν
1372 2109 1550 2200 περιέσσα-

377 2225 478 2301 σθαι,
509 2222 563 2287 ἵνα
589 2245 642 2288 τοι
667 2220 773 2309 τρίχες
793 2217 980 2310 ἀτρεμέωσι
999 2220 1078 2312 μηδ’
1103 2218 1208 2309 ὀρθαί
1230 2218 1414 2311 φρίσσωσιν
1436 2214 1550 2305 ἀειρό-

376 2353 476 2413 μεναι
505 2327 725 2415 κατὰσῶμα.
771 2333 843 2400 Ηυσ
868 2333 1030 2402 Homerus
1059 2334 1192 2401 dixisset
1217 2323 1286 2396 κατ’
1316 2321 1425 2395 αότόν.
1468 2330 1550 2413 Opp.

313 2438 451 2527 161Hal.
473 2442 504 2501 Γ
515 2444 573 2507 601
595 2437 762 2505 σκολιοῖσι
784 2434 815 2505 δ’
840 2438 1058 2508 έπαίσσοοσιν
1078 2435 1195 2506 ὀδοῦσι
1216 2433 1345 2521 σώματι
1365 2429 1551 2522 μηδόμεναι

375 2540 482 2632 πόρον
504 2537 622 2629 ἀρκιον
644 2546 751 2628 (Hom
772 2543 890 2636 σφίσιν
911 2542 1044 2632 αὐτοῖς).
1090 2548 1168 2634 Cyn.
1190 2551 1221 2611 Γ
1240 2554 1300 2616 505
1322 2548 1455 2621 πτῶκας
1478 2537 1549 2608 ἀεί-

378 2653 503 2736 δωμεν,
530 2648 640 2741 θήρης
665 2648 825 2742 ε’ρίδωρον
847 2649 990 2743 ὀπώρην.
1029 2658 1126 2738 σῶμα
1147 2650 1246 2720 πέλει
1265 2646 1403 2731 τυτθόν,
1431 2647 1551 2718 λάσιον

377 2763 486 2846 (Hom.
502 2757 606 2843 cepae
617 2757 762 2846 τυτθός).
785 2805 825 2815 -
845 2763 884 2830 In
898 2788 959 2832 usu
973 2764 1121 2831 vocabuli
1138 2757 1226 2840 δαίς
1245 2763 1331 2828 utin
1345 2761 1417 2827 aliis
1438 2759 1549 2826 multis

377 2873 510 2955 apparet
525 2870 681 2953 quaedam
696 2871 852 2937 sermonis
869 2871 1034 2939 Homerici
1056 2872 1196 2949 castitas,
1218 2871 1328 2951 verbo,
1350 2869 1437 2954 quod
1457 2868 1549 2953 quasi

377 2981 491 3042 nutura
505 2999 563 3043 sua
578 2977 739 3063 quoddam
753 2978 913 3044 humanae
927 2978 1183 3045 mansuetudinis
1205 2978 1334 3064 signnm
1355 2977 1547 3063 impressum

376 3083 518 3150 habebat
534 3085 587 3168 (cf.
603 3082 677 3161 δαίς
691 3081 786 3171 ἓίση),
809 3087 897 3172 quod
912 3087 953 3152 ad
966 3086 1110 3153 Deorum
1127 3086 1367 3152 venerationem
1382 3084 1549 3171 spectabat

377 3189 465 3271 (δαὶς
490 3194 608 3276 θεῶν),
636 3216 728 3259 suem
752 3194 817 3259 vim
845 3198 879 3260 et
906 3194 1067 3279 quendam
1094 3193 1261 3280 dignitatis
1287 3193 1393 3258 locum
1420 3213 1548 3257 conser-

376 3303 480 3365 vante.
524 3298 724 3367 Posteriores
749 3323 809 3366 nec
835 3301 1018 3367 sentiebant
1044 3301 1124 3367 hacc
1148 3322 1209 3367 nec
1236 3304 1375 3388 purgato
1404 3299 1547 3366 Homero

377 3408 560 3475 utebantur.
595 3406 784 3493 Euripidem
805 3409 979 3475 conieceris
1006 3409 1041 3473 in
1061 3407 1279 3475 Zenodoteam
1302 3408 1475 3474 lectionem
1495 3408 1546 3472 in·

378 3516 492 3582 cidisse
519 3508 670 3581 οἰωνοῖσί
695 3538 731 3579 τε
753 3515 861 3583 δαῖτα.
905 3515 1028 3582 Hecub.
1055 3520 1149 3599 (1020
1171 3517 1289 3601 Bothe)
1313 3521 1392 3584 1078
1411 3516 1477 3580 ποῦ
1497 3517 1548 3602 πᾷ

378 3619 525 3710 φέρομαι
544 3614 628 3686 τέκν’
650 3616 756 3709 ἔρημα
776 3619 887 3687 λιπών
910 3621 1057 3703 Βάκχαις
1069 3619 1191 3689 Ἅιδου
1220 3624 1438 3708 διαμοιρᾶσαι
1457 3643 1548 3711 σφα-

377 3726 459 3794 κτάν
478 3723 573 3793 κυσίν
588 3751 624 3794 τε
639 3725 775 3818 φοινίαν
795 3723 890 3797 δαῖτ’.
924 3730 1014 3797 Idem
1027 3731 1096 3798 lcn.
1113 3734 1197 3816 (446)
1214 3739 1273 3800 505
1287 3726 1413 3817 βρέφος
1430 3724 1548 3816 Φοίβῳ

377 3841 517 3915 πτανοῖς
542 3831 676 3921 ἐξώρισε
703 3831 827 3904 θοίναν
855 3832 960 3924 θηρσί
978 3862 1014 3913 τε
1036 3824 1173 3926 φοινίαν
1195 3838 1302 3907 δαῖτα.
1343 3837 1441 3923 Soph
1461 3835 1547 3903 Phil.

366 3953 438 4016 95⁵1
461 3937 533 4010 ἀλλ’
558 3936 657 4022 αὐτὸς
676 3940 781 4023 τάλας
800 3944 918 4010 θανὼν
938 3942 1072 4032 παρέξω
1088 3938 1181 4011 δαῖθ’
1204 3939 1259 4034 ὑφ’
1284 3934 1330 4011 ὦν
1351 3937 1548 4034 έφερβόμην.

378 4053 512 4119 Theocr.
533 4051 609 4118 XIII
630 4058 669 4122 63
695 4045 881 4139 ὠμοφάγος
905 4051 958 4131 λίς
975 4103 984 4118 .
1004 4104 1040 4123 ..
1065 4047 1223 4119 ἔσπευσεν
1248 4047 1465 4135 ἑτοιμοτάταν
1490 4047 1549 4116 ἐπὶ

378 4159 475 4225 δαῖτα
501 4163 616 4245 νεβρῶ.
659 4159 768 4238 Quint.
798 4158 863 4230 Snu
890 4162 998 4231 E209
1025 4153 1116 4249 όφρα
1140 4181 1178 4226 σε
1203 4162 1314 4246 Τρῶες
1342 4151 1549 4250 ἀμφιτόμοις

376 4264 529 4355 ξιφέεσσι
549 4264 753 4349 διαμελεῖστὶ
772 4265 940 4335 κέδασσαν
957 4269 1055 4335 δαῖτα
1076 4266 1150 4334 κυσὶ
1163 4265 1363 4358 σφετέροισι.
1399 4268 1461 4336 Sed
1477 4290 1548 4333 om·

376 4376 467 4443 nium
494 4376 752 4461 frequentissime
782 4377 824 4444 ad
850 4377 962 4464 epulas
988 4381 1144 4444 vocantur
1170 4378 1294 4445 bestiae
1322 4377 1363 4444 ab
1389 4376 1547 4462 Oppiano.
