3425 4934
362 332 424 396 338
659 325 691 380 V.
716 326 757 383 De
773 324 878 381 criticis
896 320 1049 379 Aristarchi
1067 318 1231 377 rationibus.

444 491 499 558 VI.
539 491 696 579 Suspecta
724 494 793 559 visa
820 517 857 559 ea
881 516 978 579 quam
1004 492 1115 559 dicunt
1143 480 1445 576 ἀνακεφαλαίωσιν.
1489 486 1534 555 Hi

362 605 438 667 sunt
451 600 610 667 eiusmodi
624 600 696 683 loci,
718 602 836 686 quibus
850 603 957 669 brevis
972 622 1097 668 summa
1112 598 1297 666 continetur
1318 616 1428 662 eorum
1451 616 1534 679 quae

360 708 431 793 ipsa
452 707 593 773 carmina
613 707 840 789 exhibuerant3
865 732 1019 797 magnam
1040 711 1164 795 partem
1186 728 1225 772 ex
1245 703 1390 770 frustulis
1411 700 1534 768 Home·

360 815 434 881 ricis
456 816 600 882 contexti
620 820 658 882 ut
678 819 718 881 A
739 822 799 886 365
822 839 892 903 sqq.
913 820 943 880 Σ
962 824 1022 885 444
1045 837 1115 901 sqq.
1135 824 1166 899 ψ
1187 796 1248 881 3'10
1271 833 1341 898 sqq.

442 921 515 991 VH.
543 925 655 1010 Auget
668 925 887 1011 suspicionem
900 947 1018 1006 versus,
1034 925 1062 990 si
1076 923 1165 989 vario
1180 922 1277 988 modo
1294 919 1405 986 fertur.
1431 923 1462 981 T
1472 923 1533 986 327

279 1025 350 1098 (³59)
362 1030 396 1095 in
410 1052 504 1097 versu
517 1030 605 1097 haud
628 1031 723 1098 dubie
745 1034 915 1100 subdititio
937 1024 973 1096 εί
989 1054 1056 1097 που
1077 1024 1128 1096 ss
1149 1027 1225 1110 ζώει
1245 1050 1282 1114 γε
1296 1020 1535 1109 Νεοπτόλεμος

361 1130 523 1224 θεοειδής
547 1138 620 1205 aliis
646 1141 846 1228 argumentis
869 1139 1023 1226 expositis
1045 1139 1185 1207 additur:
1215 1133 1392 1224 τεκμήριον
1419 1131 1457 1200 δὲ
1474 1135 1535 1219 τῆς

362 1244 540 1333 διασκευῆς
563 1244 601 1311 τό
634 1245 692 1312 καί
717 1242 836 1334 ἑτέρως
863 1244 1032 1334 φέρεσθαι
1059 1245 1118 1313 τὸν
1143 1239 1267 1326 στίχον,
1302 1237 1363 1323 ,,εί
1390 1266 1456 1310 που
1485 1235 1534 1308 ἔτι

362 1347 440 1432 ζιόει
460 1374 497 1437 γε
517 1356 635 1441 Πορης
656 1350 746 1438 ἐμός,
770 1346 808 1422 ὃν
829 1351 1053 1421 κατέλειπον(ι
1075 1356 1157 1449 (PA
1178 1357 1260 1437 423).

442 1460 530 1529 Vffl.
566 1462 664 1529 Multi
677 1486 788 1530 versus
802 1464 908 1529 notati
926 1460 985 1528 διὰ
1006 1460 1044 1528 τὸ
1062 1455 1227 1546 περιττόν.
1262 1460 1300 1526 In
1321 1460 1384 1527 hoc
1405 1458 1534 1525 invenio

361 1569 586 1637 Aristarchum
606 1572 752 1657 opinioni
773 1571 954 1638 indulsisse.
990 1569 1073 1636 Vide
1095 1570 1158 1635 hoc
1180 1568 1361 1655 exemplum
1382 1571 1433 1650 (A
1447 1568 1535 1648 442):

444 1667 472 1742 ιό
493 1671 619 1766 Χρύση,
643 1673 711 1763 πρό
732 1670 765 1761 μ’
789 1672 942 1767 ἔπεμψεν
963 1671 1049 1758 ἀναξ
1069 1669 1198 1760 ἀνδρῶν
1216 1669 1444 1760 Ἀγαμέμνων,

444 1777 554 1850 παῖδά
575 1806 611 1850 τε
632 1784 688 1852 σοί
709 1778 830 1870 ἀγέμεν
855 1781 973 1873 Φοίβῳ
995 1778 1036 1851 θ’
1059 1778 1151 1871 ἱερὴν
1172 1777 1359 1870 ἑκατόμβην

381 1931 423 1943 -
444 1890 537 1980 ῥέξαι
555 1887 640 1978 ὑπέρ
659 1895 815 1973 Δαναῶν,
839 1885 915 1983 ὄφρ’
939 1888 1152 1976 ἱλασόμεσθα
1174 1884 1310 1956 άνακτα.

361 2002 424 2067 Hic
446 2005 650 2068 annotatum:
677 1996 788 2068 ὅτιτὸ
811 1994 934 2085 ἀγέμεν
954 1996 1079 2081 κοινόν,
1102 1997 1186 2067 ὥστε
1207 1995 1363 2085 γίνεσθαι
1382 1995 1441 2066 τὸν
1462 1992 1536 2083 ἑξῆς

361 2105 535 2193 περισσόν·
572 2107 627 2177 διὸ
659 2108 716 2174 καί
744 2102 929 2179 ἀθετεῖται.
973 2111 1023 2177 De
1050 2110 1163 2177 eodem
1188 2131 1282 2176 versu
1307 2108 1466 2175 monitum
1494 2106 1536 2171 ad

366 2221 398 2281 Φ
418 2223 494 2286 479:
520 2218 578 2284 ubi
598 2217 660 2284 hoc
681 2218 779 2285 modo
801 2219 903 2285 edidit
922 2217 1076 2285 Wolfius:

444 2316 491 2403 όίς
512 2316 616 2414 φάτο·
643 2322 704 2412 τὴν
726 2318 757 2390 δ’
783 2319 856 2391 ον’ίτι
877 2323 1031 2415 προσέφη
1051 2320 1207 2410 ἑκάεργος
1222 2317 1411 2402 Ἀπόλλων,

444 2423 533 2497 ἀλλὰ
551 2429 770 2521 χολωσαμένη
790 2430 876 2511 Διὸς
894 2427 1008 2521 αἰδοίη
1030 2429 1245 2519 παράκοιτις·

445 2533 600 2623 [νείκεσεν
618 2533 801 2625 ’ἰοχέαιραν
823 2533 1003 2620 ὀνειδείοις
1024 2538 1200 2625 ἐπέεσσιν]

362 2648 565 2714 Aristonicus
579 2648 642 2714 hoc
663 2652 812 2715 annotat:
833 2643 865 2737 (ἡ
885 2649 1004 2736 διπλῆ)
1027 2646 1078 2716 ότι
1101 2648 1215 2717 κοινὸν
1237 2648 1290 2714 δεῖ
1310 2644 1477 2729 δέξασθαι
1495 2642 1535 2710 τό

362 2751 530 2842 προσέφη·
559 2748 647 2820 ἀλλὰ
666 2754 882 2845 χολωσαμένη
902 2756 990 2836 Διὸς
1015 2752 1128 2845 αἰδοίη
1150 2750 1351 2840 παράκοιτις
1371 2748 1537 2840 προσέφη.

364 2859 469 2941 οὕτως
494 2853 552 2929 oda
577 2855 674 2929 κάκεῖ
696 2858 832 2945 ,παῖδά
852 2863 890 2933 τέ
909 2888 965 2935 σοι
986 2859 1108 2950 ἀγέμεν
1132 2860 1249 2951 Φοίβην
1270 2856 1311 2929 θ’
1340 2856 1432 2950 ἱερὴν
1458 2855 1537 2926 ἑκα-

298 2979 347 3031 sti
365 2964 531 3059 τόμβην“·
569 2964 639 3037 ἀπὸ
674 2976 789 3039 κοινοῦ
818 2972 883 3059 γάρ
912 2972 949 3041 τὸ
979 2968 1113 3060 ἀγέμεν,
1149 2971 1206 3040 καί
1234 2963 1431 3056 περιττδςό
1460 2965 1539 3055 ἑξῆς

364 3076 483 3167 »ῥέξαι
504 3071 589 3164 ὖπὲρ
609 3081 789 3150 Δαναῶν“.
830 3082 921 3169 Ergo
944 3082 1088 3150 videmus
1109 3082 1331 3149 Aristonicum
1351 3080 1443 3146 illum
1465 3100 1538 3144 ver·

364 3212 436 3255 sum
450 3182 595 3254 νείκεσεν
616 3227 655 3236 -
676 3211 717 3255 ne
731 3211 827 3256 nosse
844 3190 983 3276 quidem.
1018 3191 1141 3257 Verum
1155 3196 1205 3257 est
1223 3191 1258 3255 in
1280 3188 1437 3255 eiusmodi
1458 3208 1537 3253 con·

365 3295 542 3362 structione
568 3297 754 3382 saepissime
780 3298 866 3384 apud
893 3298 1071 3365 Homerum
1096 3322 1197 3365 unum
1223 3298 1355 3364 verbum
1383 3294 1539 3377 sufficere,

365 3427 391 3471 e.
418 3426 448 3490 g.
477 3398 653 3485 παννύχιοι
683 3401 744 3486 μέν
769 3399 887 3470 ἔπειτα
920 3401 1191 3494 καρηκομόωντες
1213 3398 1345 3485 Ἀχαιοὶ
1371 3398 1535 3479 δαίνυντο,

368 3513 480 3597 Τρῶες
510 3507 547 3576 δέ
572 3509 657 3577 κατὰ
685 3507 806 3578 πτόλιν
832 3505 890 3600 ηδ’
916 3507 1105 3600 ἐπίκουροι,
1133 3517 1166 3581 et
1183 3513 1218 3578 in
1238 3511 1350 3579 multis
1370 3510 1539 3591 similibus,

365 3623 404 3685 A
423 3625 494 3688 321.
528 3622 573 3683 M
591 3626 661 3689 461.
696 3624 731 3684 Ν
749 3627 798 3690 56.
835 3620 900 3688 Sed
921 3645 948 3689 v.
970 3621 1126 3707 Porphyr.
1150 3625 1183 3684 K
1205 3627 1271 3689 167.
1304 3619 1349 3686 Et
1370 3618 1456 3704 diple
1477 3639 1538 3683 no·

366 3731 434 3794 tata
447 3727 526 3794 talia
541 3730 582 3794 ab
597 3729 794 3808 Aristarcho,
816 3753 845 3797 v,
867 3730 975 3796 locum
996 3731 1061 3794 iam
1080 3730 1246 3796 laudatum
1264 3732 1296 3793 Φ
1309 3732 1370 3797 479
1386 3730 1420 3792 et
1432 3729 1472 3790 A
1488 3731 1537 3793 56.

270 3880 274 3890 ·
365 3837 521 3903 Attamen
547 3859 614 3902 non
640 3840 792 3903 constans
817 3836 870 3903 lex
897 3842 958 3904 est:
989 3837 1054 3904 imo
1080 3859 1148 3903 non
1169 3837 1263 3923 pauci
1285 3839 1362 3901 sunt
1381 3833 1460 3915 loci,
1481 3832 1538 3898 ubi

366 3944 472 4010 denuo
499 3943 683 4010 inferuntur
707 3944 806 4010 verba
836 3948 870 4009 et
894 3943 958 4010 ulia
986 3948 1019 4011 et
1044 3943 1084 4010 ab
1115 3945 1209 4010 initio
1240 3965 1351 4010 versus
1382 3935 1536 4028 γίγνεται,

366 4045 446 4129 έστί,
469 4056 528 4118 cet
563 4052 608 4118 Et
630 4074 826 4138 quamquam
848 4056 925 4118 sunt
947 4075 986 4119 ex
1006 4052 1069 4118 hoc
1090 4073 1207 4138 genere
1229 4072 1339 4117 versus
1362 4050 1418 4134 qui
1443 4047 1539 4115 simsd

366 4158 461 4224 aliam
487 4158 529 4225 ob
556 4181 685 4226 causam
711 4160 957 4245 suspecti-sunt
983 4162 1023 4243 (v.
1046 4161 1077 4225 Ω
1099 4167 1149 4228 45.
1179 4161 1217 4222 Η
1241 4161 1315 4242 353)
1340 4161 1378 4223 ut
1407 4156 1539 4241 aliquod

284 4290 354 4359 (ρης)
367 4267 464 4332 etiam
493 4267 764 4334 diasceuastarum
784 4265 882 4332 huius
903 4268 1026 4334 scilicet
1045 4267 1179 4334 lacunae
1202 4265 1379 4351 explendae
1400 4263 1540 4349 prodant

367 4374 518 4457 studium,
539 4378 648 4443 tamen
662 4375 842 4461 putaverim
855 4374 907 4441 his
922 4380 1119 4443 commotum
1133 4376 1269 4442 nimium
1290 4374 1330 4439 ad
1349 4373 1428 4439 talia
1449 4372 1539 4438 dam·
