3425 4934
502 354 527 405 3.
552 349 654 422 φόβος,
672 349 839 420 φοβεῖσθαι,
855 346 1010 421 φίβοσδια.
1302 356 1342 418 75

173 517 321 584 Diomedi
337 517 420 584 bene
435 518 572 603 quidem,
593 518 708 603 inquit,
729 517 857 583 locutus
872 540 915 597 es,
937 539 1042 602 neque
1064 520 1172 582 temen
1193 538 1262 583 rem
1282 538 1341 583 ocu

173 624 321 710 tetigisti:
348 615 371 712 ἦ
395 624 461 714 μὴν
481 622 538 692 καί
562 619 637 703 νόος
657 618 731 690 ioci
754 625 923 705 „nimirum
949 624 995 707 (id
1017 624 1104 708 quod
1125 625 1166 690 sd
1187 646 1341 690 excusan-

177 733 251 799 dum
272 732 369 815 volet)
389 734 514 800 iuvenis
536 736 596 801 es“.
634 733 760 799 Deinde
781 724 875 810 ἀνία,
897 724 1006 817 ἀνιᾶν,
1028 723 1178 811 δνιιίζειν
1197 731 1340 798 Homero

173 840 292 926 ubique
315 845 366 906 est
385 841 546 919 molestis,
577 841 726 907 molestie
747 841 888 920 officere,
915 864 956 907 m
977 839 1076 919 effici,
1102 839 1239 905 molesto
1258 839 1341 905 ferre

173 950 250 1031 (non
271 971 398 1015 moeror
418 949 470 1015 vel
492 948 597 1015 dolor:
619 949 708 1034 quod
728 949 793 1015 ism
813 949 963 1014 Demmio
984 951 1198 1034 perspectum.
1232 947 1262 1008 Σ
1280 950 1342 1014 300

173 1056 258 1122 hund
279 1061 367 1122 recte
388 1061 555 1143 acceptum
577 1079 597 1122 α
616 1056 783 1141 Psssouio,
809 1077 906 1141 quem
931 1055 1054 1142 fugisse
1074 1054 1201 1120 videtur
1227 1052 1342 1118 ccerbs

171 1165 267 1231 huius
288 1165 352 1230 loci
370 1164 495 1249 ironis).
529 1164 631 1231 Porro
649 1157 756 1242 πόνος
778 1168 829 1231 cst
848 1162 976 1243 „lebor“
997 1162 1085 1248 quod
1105 1161 1267 1227 veteribus
1288 1183 1340 1226 ve·

171 1294 242 1338 runr
267 1272 332 1338 loci
359 1294 490 1338 sensum
519 1272 654 1358 aperuit.
697 1272 901 1339 Aristonicus
926 1292 999 1336 cum
1026 1270 1089 1336 hoc
1113 1269 1185 1354 ipso
1206 1269 1279 1334 loco
1302 1267 1341 1333 de

170 1378 231 1444 bsc
251 1378 488 1466 significatione
513 1381 603 1447 verbi
630 1380 802 1446 admoneat
822 1377 1056 1445 Aristarcheos-
1073 1378 1119 1442 sic
1143 1376 1341 1443 intellexisse

171 1486 324 1567 declaret,
349 1487 434 1552 unde
460 1487 501 1552 ed
526 1487 722 1573 posteriores
747 1487 902 1571 pervenit
949 1486 1094 1565 Quorum
1119 1506 1204 1549 unus
1230 1482 1340 1566 (BLV)

168 1595 347 1660 rectissime
373 1595 615 1682 interpretetur:
643 1590 750 1670 πολὺς
769 1589 839 1677 μὲν
860 1585 927 1662 οὖν
949 1589 1038 1659 ἐστιν
1058 1586 1077 1659 ὁ
1099 1583 1219 1668 πόνος,
1243 1584 1342 1655 ὥστε

168 1698 294 1766 λοιπὸν
319 1703 374 1785 (sc.
403 1697 486 1787 ἐστι)
514 1694 743 1791 ἆκηδιοίσαντό
767 1725 842 1768 τινα
869 1702 1014 1772 νεῖσθαι.
1056 1699 1102 1767 cf.
1130 1721 1150 1782 y
1176 1706 1235 1768 117
1261 1693 1341 1782 πρίν
1431 1770 1435 1781 x

167 1831 225 1874 κεν
245 1801 402 1895 ἀνιηθείς
425 1807 487 1898 σὴν
507 1804 656 1898 πατρίδα
676 1811 776 1895 μαῖαν
795 1808 896 1880 ἵκοιο.
936 1809 1021 1877 Usus
1042 1808 1192 1874 infinitivi
1213 1807 1340 1872 similli-

166 1939 241 1983 mus
262 1921 285 2000 β
304 1923 367 1987 284
389 1909 470 1983 otoo
488 1940 522 1984 τι
542 1906 656 1984 ’ίοαοιν
675 1910 829 1985 θάνατον
848 1914 906 1983 καί
924 1920 1020 2004 Κῆρα
1040 1912 1214 1999 μέλαιναν,
1239 1904 1277 1990 δς
1299 1907 1340 2000 δή

166 2046 231 2112 σφι
252 2020 369 2105 σχεδόν
390 2020 494 2103 ἐστιν,
523 2018 575 2091 ἐπ’
599 2017 702 2114 ἤματι
721 2022 850 2102 πάντας
875 2018 1032 2091 δλίσθαι.
1073 2024 1218 2092 Alterum
1238 2022 1341 2108 signi·

166 2132 353 2199 ficationem
373 2133 523 2200 vocabuli
543 2128 649 2212 πόνος
669 2135 698 2200 εἰ
719 2135 792 2220 quis
811 2138 906 2226 putet
926 2133 1072 2201 adhiberi
1092 2153 1188 2219 posse
1208 2130 1237 2196 is
1259 2151 1341 2214 quo·

167 2262 233 2324 qno
266 2261 301 2306 se
327 2241 461 2306 verterit
492 2264 558 2308 non
585 2242 683 2309 faciet
714 2245 752 2308 ut
778 2264 852 2308 oum
878 2243 1023 2328 proxime
1050 2239 1261 2327 sequentibus
1287 2237 1341 2304 hic

167 2370 278 2414 versus
301 2347 482 2414 cohaerent.

1358 2745 1390 2794 75

438 2760 581 2845 Φόβος,
603 2768 839 2852 φοβεῖσθαι,
864 2763 1074 2856 φέβεσθαι.
1352 2817 1407 2884 (89)

220 2931 286 2996 Ηίε
307 2954 473 3015 nunquam
494 2932 634 3017 timendi,
656 2932 716 2999 sed
734 2933 884 3022 sepiendo
899 2936 982 3000 νιοείο
1003 2931 1094 3019 apud
1112 2932 1285 2997 Homerum

645 3041 785 3107 rubim
804 3055 861 3106 est.

250 3202 405 3289 Apollon.
437 3203 497 3271 lex.
525 3204 620 3270 Hom.
648 3229 680 3292 p.
707 3213 768 3275 832
792 3199 1007 3292 Ἀρίσταρχος
1034 3199 1254 3293 σεσημείωται
1288 3199 1341 3270 ὅτι

165 3308 323 3400 συνήθως
354 3305 463 3398 φόβος
497 3308 636 3401 ἐπίσης
663 3317 778 3403 φυγῆς.
825 3316 1028 3382 Aristonicus
1056 3318 1088 3378 Z
1113 3323 1151 3383 41
1175 3308 1341 3401 φοβέοντο

164 3417 252 3504 πρὸς
277 3412 383 3483 πόλιν
408 3404 493 3507 ᾗπερ
521 3414 554 3486 οί
581 3412 696 3488 ullor:
729 3414 761 3506 (ἦ
788 3420 906 3510 διπλῆ)
933 3417 986 3488 ὅτι
1012 3415 1085 3488 ἀντί
1109 3424 1169 3488 τοῦ
1189 3414 1341 3507 ἔφευγον·

165 3523 224 3595 ἐπὶ
249 3520 372 3592 τούτου
398 3523 462 3610 γὰρ
493 3519 546 3593 αἰεί
570 3524 630 3618 τὴν
656 3524 745 3609 λέξιν
769 3523 915 3615 τίθησιν.
958 3533 989 3595 Ε
1006 3535 1067 3599 223
1098 3524 1131 3619 (ίη
1153 3527 1269 3616 διπλῆ)
1290 3522 1342 3594 ὅτι

164 3633 265 3701 τοῦτό
292 3629 364 3699 ἐστι
387 3631 426 3699 τδ
449 3629 584 3724 ,,φόβον
598 3628 722 3722 ’Ἀρηος
742 3630 957 3724 φορεούσαςα
979 3639 1026 3726 <Β
1045 3638 1122 3723 767)
1142 3634 1202 3726 τὴν
1222 3633 1258 3701 ἐν
1276 3657 1342 3700 πο-

165 3740 260 3831 λέμῳ
290 3737 406 3832 φωνην.
455 3738 513 3808 καί
543 3738 597 3808 ὅτι
626 3739 665 3810 τδ
699 3746 888 3831 φοβεῖσθαι
914 3743 971 3812 καί
1000 3742 1173 3835 φέβεσθαι
1200 3740 1258 3808 ἐπὶ
1281 3744 1342 3808 τοῦ

164 3846 460 3937 φοίγεινὍμηρος
472 3845 619 3938 τίθησιν,
642 3843 703 3917 οὐκ
718 3848 776 3917 ἐπί
795 3856 856 3920 τοῦ
870 3852 954 3920 κατὰ
976 3852 1086 3943 ψυχὴν
1108 3850 1213 3930 δέους.
1247 3855 1287 3917 Λ
1300 3859 1339 3918 71

165 3960 216 4040 (cf.
244 3961 383 4043 9107)·
403 3948 438 4045 (ἦ
454 3956 571 4047 διπλῆ)
592 3953 646 4025 ὅτι
660 3955 842 4049 φόβοντην
855 3956 977 4049 φυγήν·
990 3953 1040 4027 ’δν
1054 3957 1091 4028 δὲ
1105 3955 1200 4049 ἡμεῖς
1221 3956 1338 4048 φόβον,

164 4063 243 4143 δέος
264 4062 367 4149 λέγει.
409 4069 454 4130 Μ
471 4074 511 4137 46
531 4069 649 4151 ταρβεῖ
668 4060 746 4133 οὐδὲ
768 4070 943 4156 φοβεῖται
970 4054 1002 4156 (ἦ
1025 4067 1145 4155 διπλῇ)
1167 4064 1220 4133 ὅτι
1242 4059 1280 4130 οδ
1302 4062 1341 4132 τὸ

164 4166 246 4238 αὐτὸ
263 4167 421 4260 σημαίνει
443 4167 485 4239 δι’
502 4167 713 4264 οίμφοτίρων,
737 4168 825 4240 ἀλλὰ
850 4173 909 4242 διὰ
927 4173 989 4259 μίν
1007 4180 1068 4243 τοῦ
1085 4176 1202 4260 ταρβεῖ
1222 4169 1340 4252 δέδιεν,

163 4271 184 4346 δ
204 4274 304 4370 ἡμεῖς
321 4282 489 4369 φοβεῖται,
513 4280 570 4347 διδ
593 4279 630 4348 δὲ
650 4286 711 4348 τοῦ
734 4287 892 4368 φοβεῖται
914 4277 1039 4370 φεύγει.
1079 4280 1170 4367 λέγει
1190 4272 1249 4349 οὖν
1269 4278 1342 4348 otte

164 4386 278 4456 δέδιεν
303 4382 381 4456 οίίτε
410 4384 532 4476 φεύγοι.
577 4395 612 4454 Ν
634 4397 694 4459 471
720 4385 754 4478 (ἡ
776 4389 894 4479 διπλῆ)
922 4389 976 4458 ότι
1001 4385 1269 4459 οίντιδιίοταλται
1293 4393 1342 4478 τῷ
