3425 4934
360 331 418 394 122
444 325 477 380 Π.
507 326 549 382 De
566 326 745 383 Aristarchei
761 330 961 386 vocabulorum
977 330 1185 387 Homerioorum
1199 330 1442 403 interpretatione.

357 487 488 572 οὑνεχον
502 492 559 560 καί
574 489 718 575 διπλόος
730 491 845 583 ἤντετο
862 491 994 586 θώρηξε
1016 492 1048 586 (ἡ
1066 498 1182 586 διπλῆ)
1205 496 1257 565 ὅτι
1273 491 1352 563 καθ’
1369 489 1408 564 ὃν
1424 493 1531 565 τόπον

357 593 549 682 ἐζώννυντο,
580 601 723 682 διπλοῦς
743 596 785 691 ἦν
808 598 827 671 ὑ
849 599 983 691 θώραξ,
1010 604 1101 673 καθὸ
1123 603 1334 694 ὑποβέβλητο
1355 610 1403 692 τῷ
1421 611 1530 693 οτατηῖ

357 700 496 790 θώρακι
515 707 553 776 τὸ
578 708 756 797 λεγόμενον
778 713 887 796 ζῶμα,
912 716 1068 800 καθῆκον
1087 710 1183 797 μέχρι
1204 717 1270 780 τῶν
1291 705 1439 799 γονάτων
1459 706 1529 780 άπὸ

355 819 421 880 τῶν
448 813 606 902 λαγόνων.
653 825 682 884 Υ
700 829 776 902 415,
804 822 861 888 ubi
886 822 984 888 iidem
1010 843 1133 889 versus:
1166 815 1198 908 (ἡ
1224 821 1343 909 διπλῆ)
1369 815 1424 887 ὅτι
1445 819 1529 886 κατὰ

354 922 416 1010 τὴν
434 928 495 991 τοῦ
517 921 669 1012 ζώματος
688 924 852 1015 ἐπιβολὴν
875 926 961 1013 πρὸς
980 928 1036 997 τὸν
1058 927 1178 997 οεατὸν
1199 922 1342 1014 θώρακα
1363 925 1420 994 καὶ
1441 930 1529 1014 (del.)

357 1029 499 1111 διπλοῦς
519 1024 561 1120 ἦν
583 1028 602 1102 ὁ
624 1028 751 1122 θώραξ.

437 1160 470 1221 Δ
489 1165 547 1227 187
562 1153 715 1243 εἰρύσατο
737 1154 864 1248 ζωστήρ
886 1184 922 1226 ιε
938 1155 1125 1240 παναίολος
1144 1155 1202 1248 ηδ’
1227 1156 1413 1243 ὑπένερθεν
1434 1155 1529 1244 ζῶμά

354 1288 390 1330 τε
412 1262 469 1331 καί
488 1260 586 1353 μίτρη
601 1293 658 1333 -.·
679 1267 711 1355 (η
732 1268 851 1355 διπλῆ)
875 1265 927 1334 ὅτι
950 1272 1011 1333 τοῦ
1033 1265 1181 1352 ζώματος
1200 1266 1362 1356 μνησθείς
1382 1266 1530 1352 παραλέ-

355 1371 456 1438 λοιπε
476 1371 534 1438 τὸν
553 1368 707 1460 θώρακα,
732 1372 816 1442 ώοτε
837 1370 908 1443 άπὸ
928 1374 1051 1459 μέρους
1070 1373 1109 1443 τὺ
1127 1374 1207 1442 ὅλον
1229 1376 1444 1465 δεδηλῶσθαι
1467 1380 1530 1459 (re-

354 1480 444 1567 liqua
470 1505 545 1567 pars
571 1484 685 1550 scholii
711 1488 744 1551 et
773 1488 925 1570 corrupta
950 1490 984 1551 et
1010 1486 1216 1572 supposititia
1242 1487 1313 1570 est).
1360 1486 1441 1554 Ibid.
1467 1492 1529 1554 216

353 1580 386 1675 (ἦ
408 1588 524 1674 διπλῆ)
546 1585 599 1657 ότι
620 1586 726 1655 πάλιν
745 1595 804 1656 τοῦ
826 1588 978 1674 ζώματος
996 1590 1158 1680 μνησθείς
1177 1590 1236 1659 τὸν
1257 1585 1401 1676 θώρακα
1422 1616 1527 1675 παρα·

355 1691 522 1762 λέλοιπεν.
559 1698 711 1785 Apollon.
726 1699 786 1767 lex.
801 1724 833 1786 p.
849 1706 910 1768 382
925 1700 989 1783 (Eu
1003 1701 1047 1767 Μ.
1063 1709 1132 1784 414,
1146 1705 1199 1785 24)
1222 1698 1347 1788 ζωστὴρ
1368 1695 1387 1767 ὑ
1412 1694 1527 1766 ἐπάνω

352 1807 412 1869 τοῦ
434 1794 642 1893 θώρακοςῷ
667 1809 867 1891 pponam·
896 1806 1001 1886 ,,λῦσε
1025 1804 1064 1873 δέ
1089 1802 1148 1891 (oi)
1170 1807 1320 1896 ζωστῆρα
1341 1802 1529 1874 παναίολον

353 1905 410 1999 ηδ’
426 1906 595 1997 ὑπένερθε
611 1909 704 1996 ζῶμά
718 1938 754 1980 τε
769 1912 826 1980 καί
845 1909 986 2000 μίτρην“
1002 1919 1047 1999 (Δ
1060 1918 1143 2000 215).
1178 1914 1271 1999 ζῶμα
1294 1912 1330 1981 δέ
1352 1913 1410 1982 καί
1430 1908 1529 1994 αὑτὸς

355 2015 373 2085 ὑ
394 2016 515 2103 θώραξ
533 2019 618 2087 κατὰ
641 2015 870 2107 Ἀρίσταρχον·
904 2015 1119 2112 ἀντιγράφων
1143 2025 1177 2107 (l.
1199 2016 1422 2113 άντιηράζων)
1450 2027 1528 2108 γοῦν

270 2133 343 2205 (127)
355 2149 439 2217 φησι
460 2125 544 2209 ,,διὰ
565 2126 627 2212 μέν
648 2121 689 2214 ἐρ
712 2118 880 2216 ζωστῆρος
905 2126 1048 2217 ἐλήλατο
1072 2127 1270 2198 δαιδαλέοιο
1295 2129 1353 2198 καί
1374 2128 1432 2196 διὰ
1453 2125 1529 2195 θώ-

352 2261 453 2322 ρηκος
474 2233 729 2307 πολυδαιδάλου
752 2231 880 2325 (μίτρης
901 2232 937 2302 θ’
961 2277 1001 2288 -
1023 2241 1055 2303 A
1077 2241 1193 2324 135)⁶³.

433 2365 473 2427 A
497 2368 558 2430 234
582 2355 762 2451 Ἰφιδάμας
796 2359 832 2429 δέ
860 2360 944 2428 κατὰ
971 2358 1074 2451 ζώνην
1099 2358 1255 2452 θώρηκος
1283 2359 1418 2450 ἔνερθεν
1445 2355 1526 2444 νύξ’·

288 2485 335 2536 123
354 2465 411 2541 ἐπὶ
430 2462 462 2534 δ’
488 2462 588 2548 αὐτὸς
605 2464 710 2554 ἐρειοε
730 2465 848 2560 βαρείῃ
868 2468 954 2558 χειρὶ
974 2466 1142 2558 πιθήσας·
1165 2464 1238 2537 οὐδ’
1262 2465 1355 2556 ἐιορε
1377 2470 1528 2557 ζωστῆρα

352 2571 540 2643 παναίολον
555 2616 603 2641 -.
632 2578 727 2645 Patet
746 2602 784 2645 ex
807 2580 964 2646 hocloco
988 2578 1139 2665 ζωστῆρα
1161 2584 1194 2646 et
1216 2574 1319 2668 ζώνην
1340 2580 1426 2645 idem
1447 2603 1527 2646 esse.

353 2687 536 2753 Cavendum
567 2689 702 2752 eratne
732 2688 804 2772 quis
830 2684 916 2752 κατὰ
941 2681 1045 2774 ζώνην
1070 2681 1226 2774 θώρηκος
1253 2682 1371 2771 ἔνερθε
1399 2710 1458 2773 pro
1488 2710 1527 2753 eo

352 2794 512 2879 acciperet
544 2794 631 2880 quod
661 2799 711 2860 est
741 2792 842 2876 ζιῦμα.
886 2796 991 2873 Quare
1018 2796 1177 2861 monitum
1206 2789 1362 2881 θώρηκος
1391 2788 1529 2876 ἐνερθεν

353 2923 413 2966 nee
434 2896 616 2988 significare
641 2903 744 2983 „intra
764 2904 926 2983 lorioem“,
951 2926 1010 2969 nec
1035 2904 1136 2982 „infra
1156 2904 1319 2981 loricam“‚
1349 2902 1406 2968 sed
1427 2902 1528 2980 „iufe-

353 3009 436 3074 riore
462 3013 552 3094 perte
579 3009 715 3076 lorioee“
742 3012 856 3092 (unten
883 3034 936 3075 am
963 3008 1107 3095 Panzer).
1150 3011 1223 3076 Hoe
1253 3010 1314 3076 sibi
1336 3009 1406 3075 vult
1431 3009 1528 3074 sohoi

353 3117 462 3201 AfflL)
485 3118 525 3183 ed
546 3122 585 3181 A
605 3123 666 3186 234
688 3114 772 3182 κατὰ
793 3110 899 3204 ζώνην
920 3113 1079 3202 θώρακος
1099 3111 1253 3202 ένερθενε
1275 3109 1308 3203 (ἦ
1332 3115 1450 3203 διπλῇ)
1475 3111 1529 3180 ὅτι

354 3217 393 3289 οὑ
418 3220 505 3308 λέγει
528 3221 586 3289 διὰ
606 3229 665 3290 τοῦ
686 3222 845 3310 θώρακος
865 3220 1001 3309 ένερθεν
1022 3222 1115 3305 ἐντὸς
1137 3220 1310 3308 θώρακος,
1335 3216 1423 3288 ἀλλὰ
1443 3220 1528 3288 κατὰ

354 3326 457 3418 ζώνην
478 3326 637 3417 θώρακος
656 3330 717 3420 τὴν
739 3328 983 3422 θωρακοζώνην
1005 3329 1230 3420 λεγομένηνθθ.
1271 3329 1310 3398 τὸ
1336 3328 1372 3398 δὲ
1391 3326 1527 3414 ἔνερθεν

353 3434 401 3517 είς
420 3437 458 3506 τὸ
482 3434 570 3503 κάτω
592 3436 694 3526 μέρος
713 3445 773 3529 τῆς
794 3434 1056 3529 θωρακυζώνης,
1087 3440 1132 3520 ὡς
1161 3437 1242 3506 ὅταν
1267 3437 1346 3527 λέγῃ
1368 3433 1467 3518 ,,νὺξε
1489 3436 1529 3506 δέ

351 3571 410 3633 μιν
436 3544 521 3612 κατὰ
543 3549 637 3632 χεῖρα
665 3545 770 3635 μέοην
798 3541 948 3633 ἀγκῶνος
971 3543 1132 3631 ένερθεν“
1160 3551 1259 3634 (252),
1282 3542 1341 3629 οὐχ
1368 3541 1526 3612 ὑποκάτω

351 3658 412 3720 τοῦ
438 3647 602 3739 ἀγκῶνος,
632 3648 720 3721 ἀλλὰ
749 3653 834 3721 κατὰ
860 3653 899 3723 τὸ
920 3650 1038 3738 ἔνερθε
1057 3653 1159 3740 μέρος
1178 3661 1237 3721 τοῦ
1260 3649 1475 3741 tyemone·
1508 3649 1527 3721 ὑ

420 3885 446 3925 ⁰⁷
480 3883 558 3938 Heeo
575 3885 718 3951 oonupte3
736 3881 771 3937 de
790 3875 890 3937 ἐπάνω
910 3901 935 3937 v.
954 3899 1038 3953 supra
1055 3885 1161 3937 notum.

421 3969 448 4010 ⁶⁸
480 3967 629 4036 Cingulum
641 3967 821 4037 Hippolytae,
839 3983 896 4036 quo
907 3971 1017 4023 scutum
1028 3969 1163 4038 gestetur,
1182 3967 1299 4036 ζωστὴρ
1317 3964 1411 4031 Quint
1430 3957 1455 4028 ς’
1468 3968 1527 4020 243.

353 4053 413 4109 Hoe
425 4052 545 4108 Homero
563 4055 606 4107 eet
622 4046 765 4119 τελαμών.
794 4052 866 4108 Item
878 4052 1013 4114 Herculis,
1031 4053 1108 4121 quod
1125 4052 1162 4107 ab
1177 4051 1297 4107 Homero
1316 4051 1332 4104 λ
1348 4054 1398 4105 610
1418 4042 1527 4122 &oeteo

353 4133 488 4205 τελαμών
506 4135 616 4202 dieitur,
633 4135 737 4202 Quinto
756 4140 799 4191 eet
816 4139 932 4209 ζωστήρ
950 4140 967 4191 Ι
983 4141 1040 4194 180.

420 4224 446 4265 69
480 4221 514 4278 H.
534 4238 556 4277 e.
576 4221 625 4290 qui
643 4220 764 4276 Homero
783 4225 825 4276 est
842 4224 966 4291 ζωστήρ.

420 4307 465 4348 ⁰⁰⁸
484 4306 548 4374 <‚‚1n
561 4304 722 4360 Aristarcho
734 4322 761 4375 p.
777 4310 824 4359 127
837 4305 930 4360 Lehrs.
943 4305 1029 4361 etiem
1046 4304 1192 4375 sequentia
1203 4301 1362 4360 Aristonico
1374 4303 1475 4360 tn'bnit
1486 4346 1493 4358 .
1503 4343 1526 4361 ..

353 4390 434 4446 Nunc
456 4394 551 4446 nutem
572 4389 708 4461 pleraque
724 4389 861 4445 eiusmodi
877 4389 1085 4455 additamenta,
1103 4406 1176 4459 quoe
1194 4389 1231 4444 nb
1250 4386 1267 4444 δ
1286 4387 1319 4445 δὲ
1336 4385 1423 4459 λόγος
1441 4379 1530 4453 οὗτος
