3425 4934
368 304 426 366 170
545 293 593 353 111
618 294 660 350 Dc
678 294 831 353 Ammon
848 295 966 352 εοίοαείε
982 295 1160 367 antiquitatis
1176 296 1350 357 Homericae.

364 458 581 547 τανυπτέρυγι
615 456 793 553 λιγυφώνῳ
829 457 972 547 οὐρανοῦ
1006 463 1044 532 ἐκ
1083 461 1272 532 κατέπαλτο
1313 458 1357 531 δι’
1394 460 1536 550 αἰθέρος

365 572 416 660 <r
433 572 520 656 σου.
1033 637 1037 642 .

445 680 518 747 Ηου
531 679 604 746 ideo
626 702 719 747 secus
740 680 900 747 intellexit
912 681 1116 748 Aristarchus
1138 683 1226 768 quod
1247 674 1388 766 οὐρανόν
1407 686 1535 768 praeter

365 811 435 854 eam
449 787 489 854 de
511 811 575 874 qua
596 811 683 855 nunc
704 788 829 874 egimus
851 788 1120 875 significationem
1140 790 1267 875 putavit
1287 790 1386 856 etiam
1405 788 1444 856 τὸ
1466 812 1534 855 στε-

364 892 499 978 ρέμνιον
526 895 708 981 significare
733 897 784 979 (ut
806 897 963 981 Vossius).
1005 895 1091 963 Illud
1115 897 1352 964 firmamentum
1377 898 1535 964 intellexit

365 1004 434 1071 sino
449 1004 547 1071 dubio
562 1004 691 1090 quando
707 1004 824 1072 dicitur
845 996 889 1069 δι’
910 997 1053 1088 αἰθέρος
1075 995 1217 1088 οὐρανὸν
1238 993 1308 1070 ἷκεν
1323 1010 1357 1072 et
1376 1005 1536 1072 intellexit

365 1113 399 1179 in
421 1134 460 1179 eo
481 1112 554 1179 loco
575 1111 631 1177 ubi
654 1112 693 1179 de
713 1111 847 1179 Iunonis
869 1116 1038 1198 unguento
1060 1112 1177 1179 dicitur

468 1213 575 1305 ἒμπης
596 1214 632 1297 ἐς
652 1213 750 1304 γαῖάν
769 1241 805 1284 τε
825 1215 884 1286 καὶ
904 1212 1046 1302 οὐρανὸν
1066 1211 1145 1285 ἵκετ’
1167 1212 1276 1308 ἀϋτμή
1298 1217 1349 1307 (Ξ
1369 1221 1454 1306 174),

365 1330 522 1419 ουᾶολσί
534 1327 683 1412 vidimus)
705 1350 772 1394 non
789 1329 901 1413 inepte
922 1328 1032 1414 colligi
1053 1329 1180 1414 putavit
1199 1327 1279 1395 illud
1299 1328 1536 1395 firmamentum

365 1438 406 1502 ab
428 1420 559 1521 Olympi
584 1435 803 1502 cacuminibus
833 1439 961 1503 tantum
991 1435 1058 1502 fere
1087 1437 1200 1503 abesse
1226 1439 1384 1522 quantum
1409 1440 1535 1503 terram

364 1541 435 1610 Nec
454 1547 592 1629 possunt
612 1566 679 1610 non
700 1544 765 1610 tale
786 1543 908 1630 fingere
928 1543 1182 1624 firmamentum,
1212 1566 1277 1629 quo
1303 1547 1374 1611 tota
1398 1566 1536 1630 superne

367 1650 573 1729 clauduntur,
600 1652 657 1736 qui
685 1643 826 1736 οὐρανὸν
850 1646 1076 1736 παγχάλκεον,
1104 1645 1262 1736 σιδήρεον
1288 1651 1417 1738 proprio
1439 1674 1536 1718 sensu

366 1760 536 1845 occipiunt.
586 1757 681 1837 Quod
706 1758 813 1843 ipsum
838 1759 1062 1825 Aristarchum
1088 1758 1202 1826 fecisse
1229 1763 1310 1846 puto
1333 1760 1422 1839 inde,
1449 1758 1537 1844 quod

365 1867 400 1932 in
421 1866 486 1931 illis
508 1865 683 1933 notissimis
707 1866 852 1933 versibus
874 1863 906 1950 (λ
927 1870 1000 1950 313)

428 1973 466 2041 οἳ
482 1978 525 2060 ῥα
546 1970 604 2039 καί
624 1964 847 2040 ἀθανάτοισιν
869 1966 1055 2061 ἀπειλήτην
1076 1969 1110 2039 ἐν
1130 1965 1290 2061 Ὀλύμπῳ

428 2072 604 2170 φυλόπιδα
625 2074 759 2169 στήσειν
780 2074 966 2160 πολυάϊκος
984 2076 1168 2165 πολέμοιο·

419 2184 546 2256 ’Όσσαν
568 2183 620 2256 ἐπ’
648 2183 820 2278 Οὐλύμπῳ
839 2186 996 2274 μέμασαν
1016 2185 1134 2276 θέμεν,
1155 2181 1259 2273 αὐτὰρ
1281 2181 1335 2255 ἐπ’
1349 2182 1457 2276 ’Όσσῃ

427 2292 563 2384 Πήλιον
583 2291 826 2387 εἰνοσίφυλλον,
850 2292 890 2363 ἵν’
914 2291 1056 2382 οὐρανὸς
1077 2289 1235 2380 ἀμβατὸς,
1250 2289 1310 2382 εἰη.

286 2403 357 2476 (1⁷⁶)
370 2407 451 2473 duos
477 2407 609 2473 ultimos
638 2429 697 2492 pro
730 2408 847 2494 spuriis
875 2406 990 2473 hahuit
1020 2411 1053 2473 et
1078 2404 1209 2493 quidem
1240 2427 1311 2471 eam
1338 2406 1380 2471 oh
1410 2427 1540 2471 causam

369 2515 456 2598 quod
476 2536 528 2580 res
549 2537 614 2583 non
636 2515 705 2581 fiori
726 2519 849 2600 posset:
871 2506 1074 2580 άθειοῦνται
1094 2504 1329 2591 riedirierum.
1365 2512 1450 2592 Quid
1463 2533 1539 2578 vero

367 2621 567 2706 impossibile
599 2622 662 2688 nisi
693 2624 734 2690 ad
762 2623 888 2690 coelum
914 2622 1086 2690 ascendere
1112 2624 1292 2688 aeneum?
1325 2619 1457 2687 Etenim
1486 2619 1542 2684 ills
1601 2677 1610 2686 .

368 2728 529 2795 mirabilia
553 2752 630 2797 sane
657 2730 768 2797 Vossii
793 2731 953 2798 foramine
979 2729 1028 2795 illi
1057 2729 1091 2794 in
1116 2732 1258 2795 mentem
1284 2749 1351 2794 non
1377 2730 1541 2794 venerant.

369 2835 438 2903 Nos
453 2860 527 2903 eum
540 2837 648 2904 locum
662 2840 709 2905 sic
727 2839 931 2925 explicemus.
958 2838 1131 2924 Olympum
1144 2837 1323 2904 ascendunt
1333 2836 1376 2880 ¹⁰⁷
1391 2835 1543 2914 Aloidne3'

369 2949 440 3010 tum
459 2945 514 3011 Dii
540 2945 615 3014 illos
641 2946 804 3033 fugientes
829 2947 865 3013 in
890 2946 1006 3012 altiora
1031 2942 1116 3012 coeli
1137 2944 1323 3031 sufirgiunt3
1354 2965 1438 3029 quae
1459 2942 1541 3008 coeli

369 3052 485 3120 altiora
510 3057 549 3120 ut
574 3059 608 3120 et
633 3054 696 3140 ipsi
724 3055 896 3122 ascendere
921 3053 1060 3141 possint,
1085 3074 1158 3120 cum
1186 3073 1261 3118 aera
1286 3051 1356 3117 sine
1382 3050 1540 3117 machinis

369 3160 540 3228 ascendere
562 3183 628 3228 non
649 3164 789 3248 possint,
813 3166 943 3229 montes
964 3164 1184 3249 superstruere
1205 3159 1390 3226 moliuntur.
1429 3156 1468 3224 In
1488 3156 1541 3223 his

369 3267 471 3355 igitur
490 3269 601 3353 rebus,
622 3292 705 3355 quae
726 3270 767 3336 ad
790 3270 964 3356 Olympum
986 3273 1019 3336 et
1039 3268 1184 3337 Uranum
1205 3268 1382 3352 pertinent,
1407 3265 1471 3332 hoc
1491 3264 1541 3332 di·

370 3375 498 3443 stichon
520 3377 604 3443 nihil
623 3381 745 3464 peccat.

308 3491 355 3546 1⁷²
455 3484 509 3553 Sic
536 3506 595 3569 ego
621 3487 701 3553 haec
727 3487 916 3572 scripseram
942 3485 981 3551 de
1006 3484 1058 3550 his
1083 3482 1228 3550 versibus
1255 3480 1387 3547 illorum
1409 3477 1544 3546 consilia

369 3594 637 3679 proponentibus,
659 3595 724 3680 qui,
744 3599 783 3661 ut
802 3593 961 3661 Pindarus
982 3593 1071 3675 dixit,
1090 3585 1263 3666 πίτναντες
1283 3583 1376 3654 θοὰν
1396 3581 1545 3668 κλίμακα

371 3694 512 3786 οὐρανὸν
533 3696 568 3779 λς
589 3694 690 3767 αἰπὺν
711 3702 760 3770 dis
780 3702 860 3788 ipsis
874 3701 995 3769 bellum
1010 3701 1128 3767 inferre
1142 3697 1302 3765 volebant.
1338 3693 1415 3762 Non
1433 3716 1544 3761 assen-

370 3832 425 3876 sus
453 3814 503 3876 est
522 3807 708 3877 Nitzsohius
725 3807 878 3895 ·(v01.1111
898 3833 930 3895 p.
951 3810 1035 3892 249).
1077 3807 1175 3875 Cuius
1195 3810 1305 3872 temen
1326 3803 1471 3891 εἱοςιιλεε
1492 3823 1544 3867 rs·

371 3918 477 3985 tiones
506 3921 619 3985 contre
644 3919 798 3985 excitatas
825 3917 936 3984 videor
956 3917 1037 3984 mihi
1059 3915 1205 3983 refellere
1226 3933 1331 3999 posse.
1372 3909 1459 3978 Nam
1476 3909 1543 3995 pri·

439 4122 476 4163 1³¹
498 4118 594 4190 Magni
611 4118 789 4174 aestimamus
806 4116 955 4174 Voelckeri
972 4132 1099 4188 operam
1121 4115 1144 4171 si
1161 4117 1258 4170 tamen
1279 4128 1374 4168 verum
1392 4109 1544 4165 dicendum

372 4208 423 4272 est,
441 4204 517 4275 quod
528 4205 564 4261 de
575 4204 629 4262 hoc
640 4203 702 4259 loco
720 4201 899 4273 excogitavit,
917 4201 971 4258 hoc
987 4201 1107 4257 nimium
1123 4198 1273 4255 ridiculum
1291 4200 1341 4253 est.
1367 4195 1408 4251 cf.
1420 4192 1543 4251 Nitnsch.

372 4288 424 4345 ou
441 4290 468 4345 H
485 4307 513 4360 p.
531 4294 572 4347 94.
605 4291 730 4346 horreum
751 4291 781 4344 et
803 4287 925 4344 ferreum
947 4286 1055 4344 coelum
1073 4301 1131 4342 non
1147 4283 1260 4355 proprie
1278 4280 1336 4338 dici
1353 4281 1391 4351 (p,
1410 4280 1435 4351 t)
1452 4294 1543 4335 auen·

372 4373 458 4437 timur
475 4373 511 4433 ei.
