3425 4934
396 266 456 330 368
908 258 1052 315 Excuraus.

397 422 567 513 ἐσιέρηιο;
604 424 734 509 μᾶλλον
763 424 825 512 γὰρ
856 448 962 511 προσ·
1004 421 1046 513 δή
1075 448 1130 491 τοι
1154 417 1354 510 Δημόδοκον
1385 417 1405 509 ἡ
1440 425 1569 487 Μοῦσα
1672 496 1673 499 ¹

397 531 526 611 εκτικδς
555 528 679 618 ἐγένετο
705 537 745 623 τῇ
775 528 961 623 φωνασκίρ.
1004 526 1222 622 ,,ὀφοαλμιῖν
1256 526 1316 614 μὲν
1347 522 1485 614 ι’ῖμερσε,
1518 525 1568 594 δι’.
1672 604 1674 623 2

1004 639 1064 705 δοε
1087 632 1120 705 δ’
1142 633 1260 727 ἡδεῖαν
1281 633 1439 726 detdic&

397 751 461 816 Ubi
488 751 577 817 vides
607 751 672 815 iam
696 749 905 817 Eustathium
933 749 1109 815 Aristonici
1135 748 1281 815 scholion
1309 752 1495 834 corruptum
1520 745 1570 812 le·

399 858 498 944 gisse:
534 858 793 924 emendationem
820 858 1030 924 indicavimus
1057 880 1154 942 snpra
1181 880 1212 942 p.
1242 862 1308 925 188.
1333 892 1374 909 -
1399 855 1453 921 Ad
1478 855 1570 921 056

399 970 603 1052 argumenta,
631 967 749 1050 quibus
776 965 826 1031 illi
851 988 962 1033 versus
987 965 1188 1040 reiiciuntnr,
1220 964 1315 1048 plane
1341 963 1571 1029 convenienter

399 1093 472 1137 cum
498 1072 622 1138 scholio
643 1073 819 1140 Aristonici
848 1074 955 1140 refert
989 1072 1074 1139 Dein
1099 1072 1207 1157 pergit
1228 1072 1273 1157 <p
1297 1078 1388 1150 1005,
1410 1071 1481 1155 ca>=
1513 1066 1571 1133 καῖ

396 1184 499 1245 ταῦτα
524 1176 585 1262 μὲν
614 1174 647 1244 οῖ
667 1174 882 1263 δβελίζονιες.
928 1175 959 1245 οῖ
987 1177 1024 1245 δὲ
1046 1174 1197 1266 ἐξηγηταὶ
1217 1176 1438 1265 πρὸςιαῖτα,
1460 1164 1507 1242 ὦν
1528 1173 1570 1240 τὰ

397 1281 504 1352 πλείω
526 1281 718 1374 ἐξείληιιεαι
737 1291 803 1353 τῶν
820 1282 989 1366 Ἀπίωνος
1008 1278 1282 1371 καὶἩροδαῖροο,
1307 1281 1497 1352 ἐκτίθενται
1513 1276 1572 1349 λύ-

396 1415 468 1472 σεις
482 1387 688 1480 ἀξιολόγους,
713 1393 754 1475 ἅς
766 1392 865 1482 περὸ
888 1393 1000 1462 θέλων
1016 1390 1159 1482 ζητείτω.
1195 1390 1230 1460 ἐν
1252 1384 1306 1472 αἷς
1326 1397 1433 1460 κεῖται
1453 1390 1511 1458 καὶ
1530 1431 1571 1440 -

399 1506 432 1568 et
445 1501 544 1568 refert
558 1503 673 1570 deinde
694 1526 732 1570 ex
751 1504 977 1584 solutionibus,
997 1526 1077 1589 quas
1095 1503 1251 1570 habemus
1271 1503 1306 1569 in
1327 1502 1459 1569 scholiis
1476 1500 1572 1567 BLV.

397 1648 439 1658 —-
452 1609 534 1675 Item
555 1614 595 1675 A
614 1617 672 1680 385
695 1615 777 1696 (851,
799 1615 852 1696 49)
874 1614 913 1679 de
935 1608 1017 1700 κέρᾳ
1037 1604 1144 1696 ἆγλαὲ
1165 1612 1277 1678 eadem
1298 1610 1395 1677 verba
1414 1610 1573 1696 legimtur

399 1719 460 1782 sub
481 1716 642 1783 Herodoti
669 1724 703 1785 et
723 1719 861 1805 Apionis
888 1720 1018 1789 nomine
1039 1722 1125 1807 apud
1144 1720 1366 1801 Enstatfflum,
1392 1741 1474 1804 quae
1495 1722 1573 1783 sunt

399 1825 576 1892 Aristonici
595 1827 630 1891 in
652 1826 792 1896 scholiis.
827 1826 910 1893 Item
931 1822 1109 1915 Δήμητρος
1127 1824 1263 1910 τέμενος
1282 1830 1313 1891 Β
1328 1832 1389 1896 696
1410 1829 1571 1908 (32419).

319 1929 389 2001 (392)
402 1932 443 2000 V.
465 1934 563 2001 etiam
589 1938 698 2018 κρεῖον
719 1939 740 2000 I
758 1942 819 2004 206
840 1939 924 2019 (747,
946 1938 1006 2020 18).
1049 1933 1224 2024 σφεδανῶν
1248 1938 1361 2002 10542
1383 1939 1486 2019 (1250,
1508 1936 1571 2015 50).

399 2035 532 2124 ὅμοι’ῖος
553 2043 586 2106 Δ
600 2046 659 2110 315
682 2044 765 2125 (476,
786 2047 847 2128 46).
869 2043 1060 2130 -Didymi
1082 2046 1235 2111 admonet
1254 2042 1337 2109 illud
1361 2045 1392 2105 Π
1406 2046 1443 2109 31
1467 2044 1572 2122 (1043,

399 2152 452 2233 47)
474 2143 495 2236 ἡ
519 2146 557 2216 δὲ
580 2153 640 2216 τοῦ
663 2143 817 2238 αἰναρέτη
839 2143 1023 2234 ἀνάγνωσις
1044 2148 1128 2216 κατὰ
1139 2143 1333 2237 Ἡρόδωρον
1352 2146 1409 2213 καὶ
1418 2141 1573 2212 Ἀετίωνα

395 2248 644 2341 Ἀριστάρχειός
671 2253 768 2325 ἐστιν.
809 2257 876 2326 Sed
895 2257 1067 2327 Nicanoris
1089 2262 1187 2327 etiam
1213 2263 1308 2325 notas
1333 2257 1368 2323 in
1394 2256 1460 2323 illis
1482 2278 1573 2322 com-

400 2366 566 2432 mentariis
587 2366 686 2433 faisse
708 2371 832 2434 certum
852 2369 1026 2456 vestigium
1048 2372 1110 2436 est:

476 2473 568 2540 Eust
596 2476 625 2539 Θ
648 2480 706 2544 185
730 2480 811 2557 (706,
833 2480 885 2560 55)
1148 2475 1293 2543 Nicanor
1317 2477 1347 2540 Θ
1370 2481 1428 2545 185

402 2580 441 2647 de
467 2577 586 2651 Ξάνθε
610 2605 646 2646 τε
675 2579 732 2648 καὶ
761 2580 799 2647 σὺ
825 2577 966 2667 Πόδαρ-
1005 2581 1108 2670 βραχὺ
1154 2580 1190 2649 δὲ
1232 2579 1449 2649 διασιαλσέσν
1484 2574 1570 2645 καθ’

401 2709 438 2771 γε
461 2685 519 2754 καὶ
538 2681 667 2756 Αἴθων
688 2684 821 2772 Adime
845 2712 881 2756 cs
903 2689 967 2756 die:
1006 2687 1145 2758 ἕκαστον
1170 2683 1286 2776 ὄνομα.
1323 2682 1385 2757 κᾶν
1406 2687 1574 2777 corduen-

402 2790 434 2863 οῖ
461 2789 493 2861 δ’
521 2790 619 2863 οὗτοί
644 2818 729 2887 φασι
754 2795 811 2863 καὶ
832 2791 878 2875 ὠς
897 2809 966 2889 ψυ-
1006 2822 1063 2865 ται
1097 2795 1135 2864 δὲ
1163 2797 1202 2866 τὸ
1235 2797 1363 2888 ψυχρὸν
1396 2795 1502 2864 ἐκεῖνο
1531 2792 1573 2863 οὐ

398 2898 477 2987 χρόν
504 2900 574 2969 ἐστι
607 2908 696 2971 νοεῖν
731 2901 876 2971 ἐπίθετα
905 2901 966 2989 μὲν
1008 2903 1147 2972 δύναται
1171 2910 1327 2973 νοεῖσθαι
1354 2902 1408 2973 ὅτι
1429 2901 1489 2972 δύο
1508 2901 1574 2989 μέν

400 3009 442 3076 τὰ
475 3009 549 3098 δύο,
581 3010 623 3078 τὰ
652 3010 689 3079 δὲ
723 3010 829 3078 λοιπὰ
858 3007 966 3099 κύρια.
1008 3011 1097 3081 ἐστιν
1118 3009 1278 3094 ἐπίθετα,
1312 3010 1372 3081 δύο
1400 3010 1436 3079 δὲ
1461 3008 1571 3099 κύρια,

402 3113 966 3207 ἐπεὶκαιὰἩρόδωρονκαὶᾌπιίο-
1007 3120 1082 3188 ἐπεὶ
1109 3117 1140 3189 οῖ
1163 3118 1342 3206 σύνδεσμοι
1367 3117 1574 3209 παρακείμε-

400 3250 441 3291 να
469 3222 502 3295 οῖ
525 3223 705 3311 σύνδεσμοι
726 3225 968 3313 παρακείμενοι
1009 3254 1063 3297 νοι
1086 3226 1281 3316 χωρίζονσιν
1313 3224 1398 3296 αὐτὰ
1427 3224 1484 3296 ἀπ’
1510 3223 1574 3295 ἆλ-

336 3355 385 3407 ειδ
401 3329 595 3419 χωρίζουσιν
616 3360 700 3402 αντα
718 3361 770 3403 απ
801 3330 967 3423 αλλήλων,
1010 3333 1129 3427 λήλινν.
1167 3338 1209 3405 ιὰ
1236 3337 1273 3406 δὲ
1298 3334 1397 3421 κύρια
1425 3324 1510 3421 πρὸξ
1529 3336 1574 3402 τὰ

401 3438 501 3528 κύριοι
522 3442 585 3529 γὰρ
605 3443 693 3530 πρὸς
711 3439 857 3511 ἐπίθετα
873 3439 968 3511 οὐδέ·
1008 3442 1153 3513 ἐπίθετα
1175 3441 1337 3516 οὐδέποτε
1356 3445 1530 3513 συνδεῖται.

401 3573 485 3617 ποτε
505 3551 682 3623 συνδεῖται.

483 3659 543 3728 Ille
569 3661 668 3745 liber,
700 3686 764 3749 quo
794 3664 932 3750 Apionis
962 3668 996 3730 et
1019 3663 1181 3730 Herodoti
1206 3667 1391 3733 nominibus
1416 3665 1572 3749 inscripto

401 3767 593 3835 Enststhius
618 3793 697 3837 usus
722 3775 786 3855 est,
811 3773 846 3838 in
874 3772 988 3838 iisdem
1013 3771 1232 3839 fundamentis
1256 3774 1477 3840 inaedificatus
1504 3776 1573 3838 erat

403 3875 520 3961 quibus
547 3878 649 3944 codex
673 3879 827 3947 Venetus.
880 3879 941 3945 His
963 3879 1072 3945 addita
1091 3881 1234 3952 habebat
1253 3883 1370 3969 partim
1392 3882 1513 3965 eadem,
1535 3884 1574 3945 ut

403 3984 442 4050 de
468 3977 603 4073 ιῖφαλος
623 3990 657 4050 Κ
677 3992 752 4065 258,
778 3987 897 4073 partim
922 3986 999 4071 alia,
1026 4011 1108 4073 quae
1137 4011 1242 4075 neque
1263 4012 1350 4056 nunc
1372 3996 1449 4057 sunt
1467 3990 1501 4055 in
1520 3988 1573 4054 his

403 4091 534 4160 scholiis
549 4116 609 4161 neo
624 4093 702 4161 olim
716 4094 815 4162 fuisse
829 4094 996 4181 probabile
1012 4101 1074 4163 est:
1095 4120 1123 4165 v.
1139 4121 1169 4183 p.
1185 4106 1234 4178 47,
1251 4106 1288 4168 10
1304 4100 1356 4184 (A
1374 4103 1435 4181 50).
1468 4121 1497 4183 p.
1514 4104 1572 4165 157

403 4203 457 4284 (Α
475 4204 556 4285 591).
578 4225 609 4288 p.
633 4209 703 4285 474,
724 4208 763 4272 30
786 4206 830 4286 (Δ
850 4207 934 4288 296).
969 4203 1060 4271 Ultra
1077 4227 1164 4271 nunc
1185 4228 1252 4271 non
1272 4206 1471 4292 progredior.
