3425 4934
485 332 488 339 ·
552 315 576 365 2.
600 308 642 367 De
659 310 855 367 constituenda
867 309 997 368 lectione.
1296 317 1356 378 353

270 475 441 543 Praeterea
455 478 544 563 quod
557 480 597 545 ad
612 479 770 547 Zenodoti
785 478 881 545 crisin
896 478 1101 545 Homericam
1122 476 1239 542 attinet
1259 481 1357 560 atque

187 584 229 648 ab
249 583 456 650 Aristarchea
482 586 709 669 differentiam,
737 587 886 653 indicabo
915 586 1038 671 aliquid
1066 585 1101 649 in
1122 606 1200 649 usus
1218 584 1357 649 futuros:

187 713 262 755 nam
288 691 393 757 adhuc
418 693 557 759 multum
583 695 676 761 abest
700 699 738 761 ut
762 718 831 761 rem
848 699 995 761 accurate
1016 692 1166 779 persequi
1187 693 1356 776 possimus.

186 798 364 864 Aristarchi
394 801 555 866 sententia
585 806 654 868 erat
686 794 789 888 „nap'
816 796 953 890 Ὁμήρῳ
984 800 1026 866 τὰ
1057 803 1117 866 τοῦ
1140 793 1357 884 Ἑλληνισμοῦ

186 897 439 992 ἠκριβῶσθοιίί.
480 907 534 975 Sic
560 902 696 987 ἑαυτούς
721 916 755 977 et
779 904 905 977 ἓαιιιῶι
925 912 1074 996 corrupte
1097 907 1172 975 dici:
1200 906 1291 972 cuius
1311 906 1358 971 rei

187 1016 305 1080 testem
330 1013 510 1082 Homerum
537 1038 667 1103 quoquc
693 1041 777 1098 esse,
808 1010 888 1102 παρ’
922 1005 949 1104 ᾧ
981 1016 1022 1082 τὰ
1055 1019 1115 1083 τοῦ
1140 1010 1358 1101 Ἑλληνισμοῦ

186 1113 382 1206 stupidiores,
404 1124 461 1207 qui
474 1146 601 1210 semper
615 1125 737 1192 solutas
751 1126 872 1192 formas
886 1127 977 1213 σφᾶς
991 1117 1120 1202 αὐτούς,
1143 1125 1236 1209 σφῶν
1253 1114 1359 1186 αὐτῶν

187 1229 363 1296 adhiberet.
402 1231 564 1298 Discimus
591 1233 670 1299 haec
697 1235 738 1300 ab
759 1234 936 1321 Apollonio
962 1256 1053 1321 pron.
1076 1257 1107 1319 p.
1128 1239 1178 1301 91.
1217 1229 1298 1309 lam,
1319 1234 1357 1296 ut
1375 1241 1424 1291 ³59

189 1336 263 1417 dixi,
285 1338 363 1422 quid
375 1337 433 1404 illa
446 1361 509 1405 vox
527 1363 567 1407 ex
580 1341 759 1408 Aristarchi
773 1363 828 1409 ore
842 1341 894 1409 vel
908 1341 1083 1428 Apollonii,
1106 1341 1162 1426 qui
1176 1340 1245 1405 sine
1260 1338 1358 1405 dubio

189 1467 228 1510 ex
247 1443 336 1511 illius
357 1447 517 1513 sententia
538 1471 610 1515 eam
630 1451 835 1537 interpretari
856 1454 997 1535 poterat,
1024 1453 1171 1514 accurate
1191 1447 1359 1534 significet,

187 1574 270 1636 quas
284 1554 449 1620 cautiones
470 1559 504 1622 et
524 1555 835 1642 circumscriptiones
855 1557 1007 1624 habuerit
1027 1557 1172 1624 evolvere
1186 1577 1253 1623 nou
1272 1555 1360 1621 vale·

188 1681 269 1726 mus.
300 1659 364 1727 Sed
377 1665 505 1728 tanturn
518 1667 618 1749 patet,
638 1665 666 1730 si
681 1666 753 1750 quis
767 1666 802 1730 in
815 1665 929 1751 lingua
942 1666 1114 1732 Homerica
1127 1665 1162 1730 in
1175 1665 1360 1731 universum

188 1767 318 1853 quidem
332 1770 503 1837 maximam
522 1772 682 1856 quandam
696 1773 918 1859 integritatem
937 1774 1043 1840 inesse
1064 1775 1158 1859 putet
1178 1776 1360 1856 temporum

187 1897 362 1962 progressu
389 1881 422 1943 et
442 1878 654 1946 dialectorum
674 1881 866 1966 corruptelis
888 1882 1150 1966 degenerantem,
1172 1881 1241 1946 eius
1262 1880 1359 1945 crisin

186 1983 393 2050 Homericam
414 1985 609 2053 diversaris
629 1988 782 2075 progredi
805 1988 922 2055 debere
943 1990 984 2055 ab
1007 2012 1059 2069 eo,
1087 1989 1143 2074 qui
1164 1988 1361 2054 contrarium

187 2093 315 2173 sentiat,
337 2093 394 2178 qui
413 2093 592 2161 Homerum
613 2099 768 2181 tanquam
789 2119 916 2163 cascum
937 2097 1076 2164 necdum
1096 2096 1175 2164 satis
1197 2095 1360 2162 excultum

189 2222 422 2285 nonnunquam
448 2223 522 2267 cum
542 2201 663 2268 Faunis
691 2203 783 2288 loqui
808 2227 875 2271 non
904 2205 1063 2271 absonum
1084 2208 1190 2289 putet,
1217 2226 1276 2270 nec
1302 2203 1360 2270 ab·

188 2312 294 2374 strusa
315 2330 389 2374 eum
411 2309 572 2376 dedecere.
613 2311 658 2377 Et
679 2311 767 2391 haec,
788 2313 824 2376 ni
843 2311 948 2391 fallor,
970 2311 1128 2378 Zenodoti
1150 2312 1259 2398 opinio
1281 2315 1359 2377 erat.

189 2414 310 2481 Contra
334 2416 535 2502 singularum
561 2416 671 2504 legum
697 2419 923 2486 observatione
947 2419 1235 2486 innumerabilium
1256 2417 1360 2485 Zeno·

190 2523 267 2589 doto
289 2523 565 2610 ignotissimamm
586 2526 790 2593 Aristarchus
810 2549 845 2593 se
867 2528 1091 2594 confirmatum
1112 2528 1221 2594 sensit.

271 2630 476 2697 Aristarchus
497 2636 536 2699 ut
559 2633 725 2719 complura
744 2636 906 2720 prioribus
932 2639 1081 2721 suspecta
1108 2640 1141 2701 et
1168 2635 1360 2701 coniecturis

188 2741 302 2804 sauata
327 2739 459 2824 reliquit
485 2740 632 2820 scientie,
660 2742 706 2807 sic
733 2743 767 2808 in
794 2743 867 2808 aliis
890 2744 1002 2809 eadem
1023 2765 1118 2809 causa
1140 2741 1274 2809 offendit
1293 2744 1360 2827 pri·

189 2871 269 2914 mus.
310 2847 438 2914 Priores
459 2848 516 2914 ubi
539 2842 647 2936 φόβος
667 2871 727 2935 pro
749 2847 826 2928 δέος
847 2852 1042 2918 invenerunt
1061 2872 1128 2916 non
1150 2851 1360 2931 offenderunt,

190 2957 278 3041 quod
291 2955 388 3022 huius
406 2955 555 3022 vocabuli
575 2956 640 3021 rim
654 2955 861 3025 Homericam
880 2980 946 3024 nou
967 2962 1167 3044 perspectam
1187 2958 1360 3025 habebant.

189 3063 262 3149 lpse
282 3064 340 3129 ubi
362 3064 452 3129 codd.
476 3063 573 3129 aliam
599 3065 697 3130 etiam
717 3064 891 3132 lectionem
912 3066 1124 3151 praebebant,
1146 3087 1193 3130 erc
1214 3088 1262 3153 gr.
1283 3059 1360 3147 τρό·

189 3193 267 3256 μος,
287 3171 372 3237 hanc
393 3172 532 3256 recepit,
552 3171 579 3237 si
599 3172 719 3256 minus,
743 3196 872 3240 uersum
891 3195 950 3259 pro
972 3172 1054 3239 falso
1076 3172 1199 3239 habuit.
1233 3173 1279 3239 Et
1297 3173 1360 3239 hoc

190 3279 399 3345 memorabile
414 3300 582 3363 nunquam
594 3279 688 3346 illum
709 3281 867 3348 eiusmodi
886 3303 997 3347 versus
1019 3281 1202 3347 coniectura
1222 3304 1360 3363 sanasse,

190 3388 247 3453 sed
272 3392 351 3454 nota
378 3387 527 3472 apposita
557 3387 733 3455 damnasse.
774 3389 828 3456 Sic
848 3392 946 3458 1192
971 3411 1030 3475 pro
1053 3388 1239 3456 Zenodoteo
1262 3386 1362 3474 προτὶ

181 3488 287 3560 Ἴλιον
308 3487 390 3559 αἰπὺ
409 3489 548 3559 δίεσθαι
569 3495 685 3562 habuit
705 3494 804 3579 προτὶ
816 3489 922 3562 Ἴλιον
942 3492 1162 3583 ἡγεμονεύειν.
1195 3496 1259 3565 Sed
1278 3498 1358 3565 071

183 3592 287 3666 Ἴλιον
309 3594 391 3667 αἰπὺ
414 3598 523 3669 ἕλοιεν
539 3626 635 3670 causa
648 3603 711 3669 fuit
725 3603 917 3689 atheteseos‚
935 3608 973 3671 ut
986 3610 1078 3691 patet
1091 3629 1131 3672 ex
1145 3605 1211 3671 sch.
1234 3607 1279 3667 M
1280 3653 1282 3660 .
1293 3612 1360 3674 115.

196 3710 223 3773 Ο
245 3715 295 3778 56.
334 3709 426 3777 Unde
448 3715 581 3798 apparet
606 3713 694 3782 071
718 3713 814 3779 rerba
831 3704 1044 3800 Ἀρίσταρχος
1064 3707 1219 3778 δὲ”Ιλιοιι
1240 3706 1361 3795 ἐκπέρ-

191 3836 275 3881 οωσι
294 3817 413 3885 falsum
439 3842 509 3887 esse
531 3820 753 3888 testimonium
778 3844 838 3888 nec
862 3820 1052 3901 Aristonici,
1077 3821 1169 3886 cuius
1189 3822 1287 3887 rerba
1308 3818 1362 3886 διὸ

191 3923 248 3989 καὶ
272 3918 492 3993 &desciscit
524 3922 634 4008 στίχος
664 3915 761 4005 οὗτος
790 3934 916 3996 servata
943 3930 978 3995 in
1004 3929 1044 3994 D.
1077 3928 1142 4014 (Cf.
1168 3928 1361 3996 Lachmann.

190 4032 353 4099 Batracht
374 4034 427 4104 ab.
449 4035 546 4102 Hom.
566 4035 604 4102 Il.
625 4059 657 4122 p.
677 4035 744 4121 54.)
770 4077 810 4087 —
836 4036 912 4103 Alia
940 4036 1086 4122 exempla
1113 4037 1257 4102 invenies
1279 4057 1362 4122 quo·

191 4164 318 4228 cunque
337 4142 409 4210 loco
430 4143 551 4210 librum
571 4148 721 4210 nostrum
742 4142 909 4212 evolveris.

272 4249 337 4318 Sed
358 4249 436 4336 quid
454 4252 702 4337 tergiversamur
728 4274 801 4318 cum
829 4252 1006 4319 habeamus
1027 4253 1233 4320 testimonia?
1262 4256 1281 4317 1
1299 4259 1361 4321 222

191 4353 328 4444 λδηιύος
353 4353 391 4438 ἐξ
412 4352 487 4440 ἔρον
514 4354 602 4427 ἔντος
635 4354 815 4450 φαίνονται
845 4357 904 4426 καὶ
932 4352 1010 4442 παρ’
1035 4353 1258 4445 Ἀγαμέμνονι
1284 4358 1362 4446 πρὶν

241 4461 348 4515 Labra,
361 4460 495 4502 Aristoteli.
1119 4465 1152 4515 23
