3425 4934
657 352 679 403 1.
702 346 744 403 De
761 347 930 404 accentibus.
1315 354 1374 417 291

210 513 333 599 pathol.
359 536 391 599 p.
419 516 499 598 338).
543 515 593 579 De
617 515 723 582 insula
747 514 806 580 illa
828 538 857 581 ν.
885 513 997 600 Steph.
1017 513 1092 599 Byr.
1123 517 1156 580 et
1176 512 1375 578 Meinelrium

209 620 302 686 Anul
327 619 380 685 Al.
404 644 435 706 p.
467 626 535 689 163.
566 658 603 670 -
631 621 834 707 Quamquam
858 622 893 686 in
913 620 1028 687 insulis
1049 621 1234 706 saepissime
1255 621 1376 686 sactum

209 731 247 792 ut
271 726 380 793 addito
406 729 508 813 νήσας
532 727 722 794 dicerentur.
764 727 818 794 Sic
839 726 976 793 Achillis
996 727 1103 794 insula
1123 724 1240 813 Λευκή
1268 729 1377 812 νήσας,

210 839 243 899 et
264 834 383 899 omisso
405 835 506 902 subst.
527 829 627 920 λευκή
648 836 742 903 Paus.
759 834 807 901 III
828 842 875 914 19,
899 842 944 902 11.
979 834 1057 900 Ant.
1071 834 1140 900 Lib.
1155 829 1214 913 κζ.
1248 835 1375 900 Arrian.

208 941 319 1027 peripl
335 935 374 1006 κ’.
408 939 473 1008 Sed
492 943 570 1008 urbs
588 944 723 1007 Λεῦκαι
736 941 851 1027 Polyb.
865 940 913 1006 IV
926 946 976 1010 36.
1012 940 1118 1009 snat.
1131 941 1209 1007 XIV
1223 947 1293 1009 646.
1307 947 1376 1009 647.

207 1047 253 1115 Ut
272 1040 393 1134 Πύῤῥα,
416 1043 536 1134 Κίρρα,
558 1044 681 1135 Θέρμη,
705 1044 846 1132 Θέρμαν,
873 1044 1000 1132 Θέρμα,
1024 1048 1111 1133 quod
1125 1048 1166 1114 ad
1179 1046 1377 1133 reliquorum

208 1155 391 1243 analogiam
412 1178 447 1223 se
473 1156 738 1235 accommodavit,
766 1177 961 1241 quamquam
988 1154 1068 1221 haec
1092 1154 1247 1221 neutralis
1271 1153 1376 1220 forma

208 1263 309 1329 allicit
332 1265 373 1329 ad
398 1264 611 1349 supplendum
630 1258 747 1328 ύδατα.
791 1263 912 1330 Contra
936 1264 974 1328 ut
1000 1282 1086 1326 nunc
1112 1261 1175 1327 hoe
1195 1282 1315 1345 ponam
1334 1259 1373 1322 sd

208 1364 363 1455 γλαφυρά
380 1362 529 1449 ὀξύνεται
542 1364 609 1436 εἴτε
623 1363 730 1453 ὀνομα
750 1362 883 1446 πόλεως
902 1361 954 1454 εἴη
973 1360 1040 1432 εἴτε
1060 1356 1231 1446 decideres,
1254 1366 1376 1434 Herod.

207 1476 321 1544 Aread.
346 1484 421 1557 101,
443 1485 491 1545 14.
532 1477 689 1544 Videmus
714 1477 824 1543 ethic
848 1476 975 1541 utiam
1001 1478 1097 1540 autea
1120 1474 1229 1540 videre
1248 1474 1375 1555 licebat,

207 1582 427 1650 Herodianum
445 1607 504 1651 nec
523 1585 631 1670 ipsum
652 1586 748 1650 nimis
770 1584 811 1650 ad
832 1582 1096 1668 distinguendum
1117 1582 1153 1646 in
1172 1581 1234 1647 hoo
1255 1602 1375 1667 genere

207 1690 370 1756 inclinare.
415 1690 460 1757 nt
483 1690 693 1759 adscribimus
726 1692 830 1758 eidem
861 1689 941 1755 haec
970 1709 1009 1753 ex
1037 1688 1169 1754 scholiis
1195 1689 1236 1754 ad
1257 1691 1288 1750 B
1314 1692 1375 1756 739

205 1789 411 1884 ’operisve-.-
445 1793 548 1875 οὕτως
573 1790 749 1877 ὀξυτόνως·
779 1793 986 1872 δπαῖατικῶς
1012 1792 1073 1878 γὰρ
1100 1788 1262 1860 τέτακται.
1304 1792 1374 1861 Nec

208 1905 362 1971 miramur
381 1905 410 1971 si
429 1904 493 1971 alia
513 1905 636 1972 scholia
656 1909 690 1971 et
702 1904 911 1971 Eustathium
931 1902 1138 1988 inspicientes
1157 1901 1257 1967 fuisse
1278 1901 1374 1968 doce·

208 2034 280 2076 mur
307 2013 363 2097 qui
388 2004 429 2087 ἵν’,
456 2002 477 2100 ᾗ
501 2004 590 2076 ἴδιον
614 2012 666 2078 vel
690 2008 775 2095 πρὸς
801 2007 981 2094 διαστολὴν
1003 2004 1167 2075 ἐπιθέτου
1186 2008 1322 2074 mallent
1342 2012 1376 2075 et

199 2110 332 2205 ’Όρθην
350 2119 384 2187 ln
405 2119 427 2186 l.
448 2123 482 2187 et
502 2114 683 2204 Γλαφύρας
703 2121 733 2182 Β
754 2124 815 2185 712
837 2121 871 2184 et
894 2109 984 2203 νήσῳ
1006 2108 1038 2180 δ’
1061 2111 1096 2180 δν
1116 2107 1255 2201 Κρανάη
1276 2109 1372 2201 ἐμίγη

207 2228 238 2288 Γ
257 2233 333 2304 445,
359 2230 393 2293 et
412 2228 519 2294 minus
544 2227 641 2293 etiam
661 2226 813 2291 miramur
834 2225 862 2291 si
882 2223 1057 2289 Eustathio
1078 2223 1160 2289 tales
1182 2223 1375 2289 videbantur

209 2325 267 2409 „oi
289 2325 562 2417 daosfldmspow,
588 2338 627 2399 ut
647 2316 688 2399 ad
708 2336 739 2395 B
760 2338 821 2399 712
842 2332 901 2397 ait:
930 2327 988 2406 τὰς
1008 2325 1047 2395 δὲ
1066 2325 1248 2419 Γλαφύρας
1267 2323 1372 2412 βαρύ·

209 2458 320 2504 νουσιν
338 2433 371 2504 οἳ
388 2432 616 2522 ἀκριβέστεροι
629 2437 715 2522 πρὸς
729 2435 909 2523 διαστολὴν
928 2438 988 2502 τοῦ
1003 2430 1176 2502 ἐπιθέτου.
1210 2437 1255 2503 Et
1268 2436 1375 2503 facilia

208 2566 286 2611 sane
310 2548 387 2611 sunt
411 2545 538 2612 decreta
565 2547 735 2613 eiusmodi:
761 2534 877 2627 Αἶαν,
903 2540 943 2608 τὸ
968 2540 1031 2629 γὰρ
1057 2540 1200 2627 τριγινὲς
1226 2537 1374 2622 ὀξύνεται

207 2650 407 2738 Theognost
428 2652 532 2719 Cram.
553 2651 591 2718 Τ.
612 2652 694 2737 Hp.
717 2660 765 2734 79,
789 2660 839 2723 14:
860 2651 967 2719 fecilia
988 2655 1022 2716 et
1040 2652 1281 2737 percommoda

289 2758 379 2825 Haec
403 2759 588 2826 brevissime
612 2782 741 2826 monere
766 2781 833 2826 non
853 2759 1014 2825 absonum
1034 2759 1146 2825 visum
1186 2760 1373 2842 Antequam

206 2866 293 2932 enim
306 2866 385 2932 haec
399 2866 547 2950 quaestio
560 2865 747 2952 perlustrari
766 2866 872 2951 possit
892 2886 1023 2931 necesse
1051 2869 1101 2932 est
1122 2886 1233 2931 omnes
1254 2864 1373 2949 quibus

206 2972 332 3038 codices
357 2972 496 3038 adeundi
523 2973 660 3040 facultas
688 2976 738 3039 est
763 2971 845 3039 nihil
875 2973 915 3039 de
935 2994 994 3039 suo
1021 2971 1215 3038 addantvel
1242 2971 1373 3037 demant

205 3078 483 3165 intelligendoque
503 3079 624 3146 faciant
643 3084 682 3146 ut
701 3079 749 3144 nil
768 3080 965 3166 intelligant.

287 3213 308 3292 ξ
335 3217 381 3278 15.
420 3209 539 3277 Herod
565 3212 596 3274 E
618 3217 658 3281 69
684 3204 857 3296 Πήδαιον·
882 3201 1095 3293 Ἀρίσταρχος
1122 3201 1169 3286 ὥς
1197 3205 1370 3295 Πήδασον,

205 3312 262 3380 καὶ
282 3308 516 3402 ὀπτκρύτησεν·
544 3314 602 3382 καὶ
625 3310 707 3393 ἴσως
725 3310 794 3396 iiras
813 3308 970 3405 ἀφορμήν
993 3309 1149 3404 τοιαύτην
1174 3311 1221 3394 ὡς
1239 3310 1372 3384 πολλά-

205 3443 259 3498 κις
282 3418 324 3486 τὰ
349 3425 489 3487 τοιαῦτα
515 3418 625 3510 τρίτην
651 3416 723 3490 ἀπὸ
754 3419 869 3499 τύλους
892 3417 960 3502 ἔχει
983 3421 1044 3511 τήν
1069 3417 1193 3505 ὀξεῖαν,
1227 3417 1257 3491 ιλ
1281 3425 1373 3509 ρήμα

207 3519 314 3625 αὐτῶν
339 3523 581 3614 προκατάρχοι,
609 3524 722 3612 ὥσπερ
748 3525 859 3612 ἔχουσι
883 3528 922 3596 τὸ
949 3525 1090 3614 βέβαιος
1114 3527 1220 3615 (παρὰ
1248 3527 1369 3614 γὰρτὸ

206 3629 356 3721 βέβηκα),
379 3629 425 3714 ὥς
443 3634 482 3703 τὸ
507 3636 660 3716 Φύλαιος,
682 3635 722 3703 τὸ
737 3632 890 3716 Nisaeos,
912 3635 952 3703 τὸ
973 3632 1183 3720 Τίμαιοςῖθλ.
1217 3638 1369 3703 τοιοῦτον

273 3802 329 3845 ²⁰⁸⁸
346 3801 473 3873 <lemma
497 3802 528 3858 in
549 3801 620 3859 Vsu.
641 3803 668 3857 A
684 3801 824 3858 omissum
851 3802 970 3859 editores
991 3802 1168 3860 addiderunt
1197 3795 1308 3873 ’ορ3ην
1330 3794 1371 3865 ὥς

207 3874 308 3954 ύρνιην,
318 3875 445 3955 Ἠλώνην
462 3877 750 3957 desiccandam...
766 3889 874 3958 λευκήν
890 3885 923 3942 δὲ
941 3878 1097 3952 ὀξυτόνως·
1115 3891 1166 3957 τῆς
1181 3884 1239 3956 γὰρ
1255 3878 1371 3940 Ὀλοοσ-

207 3967 295 4032 σόνας
315 3964 396 4024 ἐστὶν
415 3965 563 4027 desideres.
596 3969 649 4028 Bla
678 3970 711 4025 In
731 3969 757 4025 A
778 3970 834 4026 tria
859 3968 963 4026 scholia
990 3971 1134 4039 leguntur:
1166 3969 1192 4039 1)
1214 3963 1311 4033 αύτανς
1332 3961 1373 4033 cic

206 4050 359 4121 Σπάρτην,
374 4043 413 4107 ἵν’
432 4042 451 4123 ἦ
467 4047 551 4111 ἴδιον.
583 4055 611 4125 2)
627 4046 755 4123 Ἠλιύνην
776 4070 825 4109 te:
851 4046 892 4118 ιύς
913 4051 1069 4125 κορύνην.
1087 4093 1093 4106 .
1111 4095 1118 4107 .
1147 4053 1174 4123 3)
1192 4046 1287 4116 ούτας
1305 4044 1372 4118 ὀξυ-

205 4129 311 4199 τόνας·
333 4133 510 4202 meduwaie
526 4136 584 4210 γὰρ
601 4135 738 4193 τέτακται
755 4177 762 4191 .
779 4177 813 4194 ..
840 4136 935 4194 Tertio
956 4136 1166 4208 praefigendum
1187 4153 1245 4193 esse
1267 4136 1370 4193 lemma

206 4223 310 4291 λευκήν
325 4222 396 4290 puto
415 4237 479 4275 cum
494 4218 662 4292 Dindorfio.>

271 4306 311 4350 2⁰⁹
344 4303 431 4374 Apud
446 4304 596 4361 Arcadium
612 4322 640 4375 p.
657 4308 705 4369 43,
725 4309 755 4360 10
773 4302 810 4359 ad
826 4296 864 4359 τδ
880 4303 913 4360 δὲ
936 4306 1057 4374 Τίμαιος
1072 4306 1267 4374 σεσημείωται
1285 4303 1371 4359 addas

207 4378 247 4453 cic
264 4380 435 4460 δηματικόν.

1113 4475 1163 4527 19*
