3425 4934
369 318 429 380 174
550 310 599 366 Ill.
619 309 661 365 De
679 308 832 367 Aristarchi
849 307 965 365 scientia
983 306 1162 377 antiquitatis
1178 307 1350 363 Homericae.

365 473 403 541 δὲ
415 469 627 564 (προσώπου)
643 471 763 546 οὐκέτι.
800 481 839 542 Λ
853 484 914 546 735
936 466 1009 541 εὖτε
1029 472 1092 561 γὰρ
1113 468 1246 553 Ἠέλιος
1267 471 1411 563 φαέθων
1430 466 1534 561 ὕπερ-

364 580 483 665 έσχεθε
509 581 620 672 γαίηςι
646 580 680 673 (ἡ
703 583 820 672 διπλῆ)
848 580 902 653 ὅτι
924 580 961 664 ἐξ
987 578 1136 671 ἡρωϊκοῦ
1160 577 1346 668 προσώπου
1367 577 1451 665 ὑπὲρ
1474 583 1535 668 γῆς

361 690 422 779 τὴν
433 685 601 782 ἀνατολὴν
614 689 715 778 λέγει,
732 686 833 771 αὐτὸς
846 689 884 757 δὲ
898 687 936 757 ἐκ
947 694 1007 758 τοῦ
1018 684 1108 758 ἰδίου
1120 685 1305 776 προσώπου
1321 687 1359 771 έξ
1366 682 1533 756 Ὠκεανοῦ.

891 1166 933 1243 Ο.
959 1167 1008 1243 Π.

838 1334 1055 1421 Myuooys'cu.

855 1500 1037 1566 Achilles.

442 1666 518 1735 Non
548 1667 634 1752 apud
656 1667 829 1733 Chironem
854 1668 1021 1748 educatus,
1045 1689 1073 1733 v.
1097 1665 1219 1733 Thetis.
1259 1663 1329 1732 Nec
1351 1688 1529 1733 commora-

276 1778 429 1855 (178)tum
465 1797 534 1841 esse
569 1775 656 1840 inter
682 1774 833 1840 muheres
864 1773 990 1860 Scyrias
1019 1774 1164 1841 Homero
1195 1774 1376 1861 cognitum,
1411 1778 1431 1838 1
1456 1780 1526 1844 668.

357 1882 460 1968 (Quae
482 1883 522 1947 de
546 1881 609 1947 hoc
634 1882 705 1947 loco
731 1883 766 1947 in
794 1884 988 1948 contrariam
1014 1882 1208 1948 sententiam
1233 1882 1362 1968 scripsit
1382 1882 1527 1968 Heyuius

356 1992 430 2072 „das
457 1991 632 2057 vermeinte
654 1989 804 2057 Grabmel
832 1991 888 2056 des
909 1990 1049 2056 Homer‘
1074 2012 1148 2077 pag.
1171 1997 1227 2068 41,
1253 2012 1292 2056 ea
1316 1996 1451 2077 apparet
1469 2013 1527 2075 per

356 2100 464 2165 iocum
491 2098 610 2184 scripte
636 2100 727 2182 esse.)
767 2097 952 2166 Secundum
972 2097 1190 2183 Pherecydem
1210 2096 1371 2183 Polydoro
1390 2097 1525 2164 Achillis

357 2228 448 2273 soror
473 2212 535 2287 est3
569 2207 626 2272 sed
653 2208 716 2272 hoc
741 2206 880 2272 voluerit
905 2205 1067 2272 Homerus
1094 2207 1133 2269 Π
1158 2213 1230 2286 175,
1264 2211 1349 2272 certe
1374 2205 1525 2272 affirmri

355 2316 483 2400 nequit3
516 2316 675 2380 incertum
702 2314 788 2380 enim
814 2312 930 2380 Peleus
958 2314 1012 2380 hic
1043 2318 1311 2380 commemoratus
1340 2314 1425 2381 idem
1453 2335 1525 2380 cum

354 2421 492 2488 Achillis
505 2426 596 2508 petre
612 2422 662 2502 sit
683 2444 725 2488 an
740 2422 821 2488 elius
840 2424 881 2488 ab
902 2421 970 2503 illo,
991 2422 1075 2489 sicut
1095 2422 1285 2488 multisunt
1304 2422 1390 2506 apud
1403 2420 1524 2486 Home·

354 2551 426 2595 rum
452 2531 565 2595 eodem
591 2529 723 2595 nomine
749 2530 875 2596 diversi.
916 2529 989 2597 seu
1017 2532 1056 2594 Π
1080 2536 1148 2599 175.
1184 2530 1284 2596 Arma
1309 2529 1378 2594 eius
1402 2526 1524 2592 aVul·

354 2658 435 2702 cano
466 2635 552 2702 facta
587 2637 762 2703 secundum
791 2637 970 2703 Homerum
1001 2637 1262 2720 invulnerabilia,
1300 2640 1332 2700 u>
1359 2642 1427 2704 165.
1454 2641 1524 2704 594.

354 2744 475 2811 Versus
506 2748 534 2807 Y
558 2750 620 2813 269
650 2767 723 2811 cnm
744 2746 955 2831 sequentibus
977 2747 1090 2831 spurii,
1123 2746 1188 2812 sch.
1216 2746 1247 2813 h.
1273 2746 1294 2811 l.
1322 2745 1361 2811 cl.
1388 2745 1428 2810 sd
1452 2749 1522 2811 265.

352 2850 560 2919 Recenticres
586 2852 716 2939 fingunt
733 2851 870 2919 Achillis
891 2855 997 2919 necati
1019 2875 1135 2939 corpus
1160 2854 1201 2919 ab
1222 2854 1320 2919 Aiace
1341 2874 1379 2918 en
1399 2850 1522 2936 proelio

353 2960 498 3026 ablatum
525 2982 595 3027 esse
616 2959 710 3027 Ulixe
738 2965 880 3049 tegente.
930 2961 1024 3041 Quod
1049 2960 1098 3027 illi
1125 2961 1287 3027 finxerunt
1312 2960 1353 3026 ad
1374 2959 1522 3025 similitu·

354 3066 461 3133 dinem
482 3066 592 3135 Iliadis
613 3071 643 3133 P
660 3075 730 3138 719.
772 3069 933 3136 Homerus
958 3069 987 3135 si
1014 3070 1053 3135 de
1073 3068 1210 3136 Achillis
1237 3069 1334 3135 caede
1354 3068 1523 3133 cecinisset

351 3175 405 3242 vix
425 3176 471 3241 ita
491 3177 686 3242 instituisset
705 3177 737 3260 (l
757 3175 780 3245 l.
804 3172 857 3242 δτι
887 3173 1043 3242 ἐντεῦθεν
1069 3179 1140 3255 τοῖς
1166 3161 1339 3261 νεωτέροις
1359 3167 1378 3242 ὅ
1399 3178 1521 3258 βαστα-

353 3277 491 3366 ζόμενος
503 3276 675 3364 Ἀχιλλεὺς
688 3277 742 3348 ὑπ’
759 3276 921 3362 Αἴαντος,
942 3276 1179 3366 ὖπερασπίζων
1194 3280 1232 3349 δὲ
1242 3275 1420 3362 Ὀδυσσεὺς
1433 3307 1521 3371 παρ·

288 3413 336 3465 1¹16
352 3393 462 3476 ἦκται.
500 3383 531 3456 εἰ
557 3388 595 3456 δέ
611 3388 760 3477 ’Όμηρος
780 3384 906 3481 ἔγραφε
929 3389 987 3458 τὸν
1004 3384 1184 3473 Ἀχιλλέως
1203 3385 1366 3473 θάνατον,
1399 3385 1459 3458 οὐκ
1479 3384 1521 3456 ὃν

353 3494 491 3587 ἐποίησε
504 3495 560 3565 τὸν
575 3496 690 3585 νεκρὸν
702 3492 760 3565 ὑπ’
775 3493 929 3578 Αἴαντος
948 3496 1204 3584 βασταζόμενον,
1227 3492 1274 3579 ὡς
1295 3495 1328 3567 οἱ
1346 3496 1521 3585 νεώτεροι).

353 3607 412 3675 0d.
434 3610 463 3672 δ
484 3615 523 3676 75
544 3608 679 3676 obscure
706 3609 852 3676 innuitur
872 3608 983 3676 fabula
1009 3609 1048 3676 de
1070 3610 1278 3677 contentione
1299 3608 1415 3677 Ulixen
1436 3612 1522 3678 inter

351 3719 385 3781 et
405 3713 567 3782 Achillem
590 3717 675 3782 inter
699 3715 811 3803 epulas
837 3719 957 3782 exorte.
1001 3718 1055 3784 Ae
1074 3718 1208 3785 Homeri
1233 3741 1365 3786 sensum
1390 3720 1520 3787 elicien-

351 3824 427 3889 dum
445 3824 571 3909 putavit
592 3824 715 3909 aliquid
733 3825 846 3910 profici
867 3845 963 3910 posse
985 3847 1025 3892 ex
1044 3824 1080 3893 Il.
1102 3829 1124 3889 I
1140 3831 1210 3907 347,
1230 3828 1287 3893 ubi
1307 3828 1388 3894 haec
1409 3832 1522 3895 notata

350 3930 518 4000 habemus:
545 3930 578 4018 (ἡ
603 3930 722 4019 διπλῇ)
743 3929 829 4018 πρὸς
853 3929 891 3998 τὸ
917 3929 953 3998 έν
970 3925 1147 4024 Ὀδυσσείρι
1168 3927 1365 4022 ζητούμενον
1386 3938 1522 4016 „asinos

348 4030 531 4126 Ὀδυσσῆος
544 4037 602 4106 καὶ
618 4034 794 4127 Πηλείδεω
805 4033 999 4128 Ἀχιλῆοςῑί,
1023 4037 1077 4109 ὅτι
1091 4036 1248 4131 ἐμφαίνει
1269 4040 1327 4109 καί
1347 4047 1402 4109 νῦν
1422 4038 1521 4110 ἀναι-

349 4148 416 4227 ρῶν
440 4144 502 4234 τὴν
522 4140 726 4235 ἐπιχείρησιν
752 4150 818 4213 σοῖν
843 4147 922 4234 περὶ
945 4141 1135 4227 Ὀδυσσέας
1160 4152 1239 4239 (leg.
1259 4142 1425 4218 Ὀδυσσέα
1447 4174 1521 4219 cum

348 4251 613 4340 Friedlaendero>
645 4249 808 4342 λεγόντων
840 4255 947 4347 βουλῇ
979 4255 1036 4324 καί
1065 4253 1154 4346 λόγῳ
1185 4254 1434 4348 αἱρεθήσεσθαι
1458 4258 1520 4348 τὴν

347 4355 465 4426 πόλιν·
496 4364 553 4426 νῦν
580 4361 643 4450 γὰρ
671 4354 744 4431 οἷον
772 4360 1005 4449 έπισαρκάζιον
1032 4363 1122 4453 λέγει
1143 4369 1184 4450 (v.
1205 4367 1348 4440 Nitzach.
1370 4371 1457 4455 1.1.).
1480 4403 1518 4420 -
