3425 4934
373 341 418 407 44,
465 331 500 387 Π.
518 330 559 385 De
577 330 757 384 Aristarchea
772 328 971 384 vocabulorum
989 329 1197 385 Homericorum
1215 331 1454 402 interpretatione.

372 503 580 584 veterumque
607 497 765 563 institutis
796 502 828 563 et
853 499 1013 578 moribus,
1049 498 1088 563 de
1119 499 1299 564 litterarum
1328 498 1475 577 historia,
1505 499 1544 564 de

372 608 495 674 musica
509 607 686 672 scriberent
705 605 797 692 larga
817 628 916 671 manu
938 605 1127 673 effuderunt.
1159 605 1251 686 Vide,
1272 607 1374 672 uthis
1389 606 1545 692 exemplis

307 729 362 799 (ιι)
374 723 454 795 utar,
476 738 558 801 quae
572 714 762 780 Aristoteles
776 714 810 779 in
824 713 946 799 politiis
968 713 1113 780 docuerit
1133 715 1173 779 de
1194 705 1286 792 ὀίναξ,
1306 707 1438 801 πρόλις,
1461 718 1544 800 πυῤ-

372 818 444 908 ῥίχη
465 825 508 909 (p.
529 828 610 906 125),
629 821 749 902 χλαῖνα
770 825 803 887 et
822 818 948 903 χλαμὺς
962 825 1057 905 (131),
1079 813 1280 909 ἆχιίνη(144.
1299 826 1378 906 153),
1399 824 1546 906 νσῦμμος

372 934 470 1017 (150),
505 933 539 997 et
562 933 600 995 ut
626 931 660 995 in
687 929 750 995 hoc
778 929 820 995 ad
845 930 1033 995 utilissimas
1060 930 1299 998 observationes
1319 933 1544 1017 grammaticas

371 1041 486 1105 ductus
500 1038 606 1122 fuerit,
620 1037 671 1103 vel
684 1038 747 1103 hoc
761 1038 899 1123 probare
912 1041 1022 1123 potest
1032 1037 1192 1105 Athenaei
1205 1036 1251 1104 XI
1264 1063 1295 1125 p.
1311 1037 1396 1109 499(ἰ
1415 1037 1544 1121 (Neam

370 1172 401 1233 p.
427 1149 497 1233 116)
514 1140 745 1232 Ἀριστοτέλης
770 1141 805 1210 ἐν
824 1148 865 1236 τῇ
890 1143 1064 1211 Θετταλῶν
1084 1141 1242 1235 πολιτείᾳ
1266 1146 1423 1234 θηλυκῶς
1448 1143 1543 1231 λέγε.

370 1248 459 1321 odoi
478 1276 581 1343 φησιν
600 1247 669 1321 ent
695 1253 869 1319 Θετταλῶν
894 1251 954 1340 τὴν
981 1247 1132 1338 λάγυνον.
1169 1255 1310 1323 Omnino
1331 1257 1365 1321 in
1387 1258 1543 1342 cuiusque

372 1364 499 1451 generis
527 1363 654 1448 scriptis
680 1362 760 1428 haec
791 1362 901 1428 schola
928 1363 1059 1428 doctum
1087 1363 1127 1428 ab
1158 1363 1351 1448 antiquitate
1378 1370 1411 1430 et
1435 1388 1543 1431 rerum

370 1473 605 1555 verborumque
632 1470 818 1557 cognitione
840 1471 983 1536 colorem
1010 1470 1193 1555 quaerebat.
1229 1470 1283 1538 Sic
1310 1472 1420 1557 plures
1442 1474 1543 1558 scrip·

371 1584 482 1645 serunt
507 1576 584 1661 περὶ
609 1573 729 1663 μέθης.
778 1577 939 1643 Athenaei
960 1578 1140 1664 fragmenta
1166 1578 1296 1658 docent,
1328 1580 1363 1644 hi
1395 1579 1469 1644 libri
1502 1581 1544 1645 ad

370 1686 610 1772 philosophiam
623 1686 779 1751 moralem
800 1687 999 1770 pertinentes
1021 1689 1178 1771 quantum
1199 1688 1240 1752 ad
1261 1687 1488 1772 antiquitatem
1509 1692 1544 1753 et

370 1817 551 1861 sermonem
572 1793 798 1859 illustrandum
819 1793 994 1858 attulerint
1036 1794 1088 1860 Ab
1103 1793 1328 1879 Theophrasto
1352 1797 1466 1880 (pauca
1484 1818 1542 1881 ap·

370 1926 457 1988 pono
487 1902 671 1987 speciminis
700 1902 808 1985 causa)
837 1893 1017 1986 ζωρότερον
1044 1899 1154 1967 πίνειν
1181 1902 1381 1968 illustratum
1402 1925 1442 1968 ex
1462 1903 1542 1968 Em·

370 2010 504 2095 pedocle
524 2009 634 2093 (tau),
655 2032 674 2074 a
693 2001 942 2076 Chamaeleonte
965 2012 1056 2093 (item
1074 2011 1108 2075 in
1122 2009 1205 2076 libro
1227 2007 1305 2093 περὶ
1322 2007 1443 2098 μέθης)
1465 2007 1542 2076 ὀπι-

369 2113 676 2201 exsoltabunt).
698 2118 787 2184 Haec
797 2119 963 2204 egregiam
978 2119 1188 2184 continebant
1197 2119 1407 2185 Alexandrini
1421 2119 1542 2185 laboris

368 2226 536 2291 materiam
565 2248 783 2311 operosaeque
812 2227 976 2292 doctrinae
1003 2226 1097 2292 initia
1127 2230 1160 2292 et
1187 2228 1341 2313 exempla.
1393 2227 1463 2293 Hac
1489 2229 1543 2293 via

368 2335 532 2420 progressi
543 2334 752 2400 Alexandrini
767 2335 944 2418 dispersam
959 2334 1137 2400 doctrinam
1151 2335 1361 2421 collegerunt,
1375 2340 1543 2419 auxerunt,

369 2440 579 2526 scriptoribus
606 2442 803 2528 explicandis
829 2442 1055 2509 adhibuerunt.
1106 2442 1291 2510 Glossarum
1320 2444 1462 2509 studium
1500 2467 1539 2510 eo

369 2553 515 2633 tempore
542 2553 608 2614 tarn
629 2550 746 2636 viguit,
769 2553 807 2614 ut
832 2550 1003 2615 acomicis
1029 2550 1157 2616 irrisum
1183 2552 1233 2616 sit.
1275 2551 1404 2617 Indncit
1430 2550 1540 2617 Strato

370 2658 501 2740 (Athen.
523 2655 568 2722 IX
589 2658 662 2739 382)
686 2679 799 2723 cocum
826 2656 909 2722 nihil
929 2657 992 2722 nisi
1013 2680 1071 2743 per
1092 2658 1217 2746 glossas
1241 2659 1416 2740 dicentem,
1444 2682 1543 2744 quem

368 2765 466 2831 herus
485 2769 552 2831 tam
572 2786 607 2829 se
628 2787 693 2830 non
714 2764 897 2852 intelligere
919 2767 1128 2850 conqueritur
1228 2761 1312 2831 ὥστε
1331 2790 1375 2848 με

513 2875 579 2936 τῶν
598 2875 657 2936 τοῦ
680 2869 810 2957 Φιληιᾶ
832 2865 1048 2956 λαμβάνοντα
1067 2869 1210 2958 βιβλίων

513 2982 651 3046 σκοπεῖν
672 2975 811 3046 ἕκαστον
830 2973 865 3045 σί
884 2972 1022 3047 δύναται
1042 2985 1108 3046 τῶν
1128 2972 1291 3068 ῥημίτων.

368 3088 401 3155 Is
426 3089 570 3155 Philetas
599 3088 684 3155 Cous
713 3090 836 3175 primus
862 3090 922 3158 hac
944 3093 1048 3157 aetate
1077 3090 1203 3177 glossas
1229 3090 1357 3175 scripsit
1381 3089 1542 3173 (γλῶσσαι

369 3188 534 3279 ὀίτακτσι)
564 3196 779 3263 Callimachus
801 3193 939 3276 ἐθνικὰς
964 3191 1148 3281 ὀνομασίας
1167 3199 1322 3284 (Athen),
1344 3198 1541 3284 collegitque

368 3304 453 3370 idem
468 3305 592 3392 glossas
606 3304 784 3371 Democriti
803 3298 920 3388 (πίναξ
930 3308 997 3371 τῶν
1010 3300 1223 3392 Δημοκρίτου
1243 3306 1407 3391 γλωσσῶν,
1428 3307 1541 3389 Suid.).

368 3411 450 3478 Item
476 3412 530 3477 alii
557 3413 592 3476 in
619 3412 731 3478 eadam
754 3436 853 3498 opera
873 3414 1081 3493 desudarunt,
1103 3439 1130 3482 e.
1151 3436 1181 3501 g.
1202 3413 1286 3482 Ister
1306 3414 1542 3483 Callimacheus

369 3520 471 3585 edidit
491 3514 596 3600 λέξεις
613 3515 764 3597 Ἀττικάς
780 3521 884 3604 (Euat.
910 3528 1001 3606 1627,
1026 3526 1089 3605 14),
1113 3522 1289 3607 Dionysius
1309 3521 1439 3589 Iambus
1464 3518 1544 3607 περὶ

370 3622 555 3693 διαλέκτων
575 3628 691 3712 (Ath.),
720 3629 955 3715 Aristophanes
976 3628 1132 3715 «γλώσσας
1153 3634 1187 3696 et
1216 3630 1353 3697 alterum
1376 3652 1456 3718 opus
1477 3630 1542 3696 huc

368 3736 542 3821 pertinens,
562 3738 654 3802 cuius
667 3740 775 3822 partes
789 3739 939 3805 novimus
952 3737 1030 3824 περὶ
1042 3730 1185 3825 ἡλικιῶν
1198 3742 1234 3804 et
1245 3734 1430 3823 συγγενικά,
1444 3740 1542 3806 Anti·

369 3866 475 3931 gonus
490 3845 652 3930 Carystius
668 3841 745 3928 περί
758 3840 880 3928 λέξεως
893 3847 1003 3931 (Ath.),
1023 3847 1157 3914 Polemo
1173 3843 1250 3929 περὶ
1269 3840 1441 3931 ὀνομάτων
1456 3840 1542 3915 ὀδό·

303 3975 358 4047 (53)
370 3949 435 4030 ξων
456 3948 617 4041 ἐπιστολή
639 3955 728 4037 (Ath.
750 3955 856 4038 need).
893 3956 1116 4022 Artemidorus
1130 3956 1385 4043 Aristophaneus
1407 3956 1447 4039 (si
1468 3958 1541 4042 qui·

319 4076 353 4127 44
371 4059 444 4124 dem
457 4060 486 4125 is
499 4060 540 4125 ad
553 4061 637 4126 hanc
657 4065 795 4128 aetatem
815 4064 967 4148 pertinet)
989 4056 1215 4152 ὀψαρτυτικὰς
1235 4055 1386 4148 γλῶσσας
1410 4068 1444 4130 et
1463 4061 1542 4149 περὶ

368 4160 524 4250 Δωρίδος
544 4169 658 4254 (Ath.).
692 4168 761 4236 Iam
787 4171 885 4237 etiam
909 4171 1025 4237 medici
1048 4173 1312 4259 grammaticique
1332 4171 1541 4258 Hippocratis

370 4275 495 4361 glossas
521 4301 709 4363 percensere
730 4281 915 4365 coeperunt.
958 4278 1052 4345 (terte
1073 4283 1148 4346 ante
1171 4280 1394 4345 Aristarchum
1414 4279 1540 4365 glossas

370 4385 602 4469 Hippocrateas
633 4387 762 4472 scripsit
786 4385 985 4471 Herophilus
1011 4386 1135 4470 (Galen.
1162 4387 1262 4472 praef.
1288 4410 1355 4453 voc.
1383 4387 1481 4473 Hipp,
1506 4411 1538 4474 p.
