3425 4934
592 367 615 416 2.
639 360 681 417 De
698 360 950 431 interuepiratione.
1294 369 1354 433 319

186 533 303 618 quibus
324 531 445 597 usitata
465 529 529 595 fuit
548 529 583 594 iu
607 530 720 596 mediis
742 529 941 615 simplicibus
963 529 1115 614 aspiratio
1138 536 1208 615 (pro
1230 531 1270 612 ὲ)
1292 531 1354 595 Ar-

185 637 562 727 giram,Eret1iensem‚
589 637 813 724 Pamphyliam
840 642 874 704 et
902 637 1055 722 Oropinm
1082 640 1229 703 recenset
1248 636 1354 722 Etym.

184 748 226 814 M.
242 769 273 832 p.
289 751 359 825 319,
379 750 425 813 12.
454 744 526 823 Qua
547 746 586 810 de
607 768 641 812 re
662 744 999 830 postValclrenarium
1021 744 1125 810 (licere
1147 745 1199 826 (ad
1221 743 1355 812 Theocr.

184 878 213 940 p.
235 860 297 922 274
317 858 401 937 sqq.)
422 841 488 917 n'on
510 872 648 918 necesse.
685 853 734 919 De
757 852 889 936 γερωῖα,
913 847 1052 938 γερωχία
1073 852 1134 918 vid.
1156 851 1355 921 Οδ.Μ1111ετ.

184 962 262 1028 Dor.
284 958 317 1026 Π
338 967 386 1029 91.
428 957 567 1046 Pergam
589 959 736 1044 equidem
751 958 921 1044 Apollonii
938 960 1126 1026 testimonia
1148 959 1186 1025 de
1208 960 1356 1026 abnormi

184 1067 465 1153 intercepiratione
487 1088 662 1133 recensere.
704 1066 754 1132 De
776 1067 857 1133 coni.
879 1089 909 1152 p.
932 1073 1007 1148 509,
1031 1070 1069 1135 18
1095 1063 1153 1131 καὶ
1176 1066 1280 1154 δῆλον
1302 1064 1354 1135 ὅτι

183 1173 222 1241 εδ
238 1170 326 1244 διότι
348 1168 423 1254 ἔχον
442 1172 503 1260 σὴν
524 1168 628 1260 αὐτὴν
648 1166 875 1241 ἀνταπόδοσιν
896 1169 963 1254 ἔχει
981 1167 1170 1258 ἐγκείμενον
1189 1174 1356 1265 πγωυικδν

183 1280 222 1348 τὸ
237 1278 301 1362 ότι,
322 1279 427 1370 σαφὲς
440 1284 563 1348 ποιοῦν
576 1275 642 1347 κάκ
662 1285 721 1348 τοῦ
741 1276 939 1365 πνεύματος,
963 1279 1055 1349 καθὸ
1074 1277 1159 1369 μέση
1179 1278 1200 1370 ἡ
1225 1282 1351 1364 δασεῖα,

184 1385 437 1478 ἀπαγορεύουσα
457 1387 517 1478 τὴν
540 1383 598 1456 διά
619 1384 787 1474 πρόθεσιν
808 1384 843 1456 ἀν
861 1393 903 1480 τῇ
922 1386 1125 1472 παραθέσει.
1169 1385 1207 1457 σι’
1230 1389 1292 1478 γάρ
1312 1388 1354 1481 δή

186 1496 300 1585 γεκαὶ
321 1490 401 1563 αὐτὸ
417 1490 538 1581 μόριόν
560 1493 629 1563 ἔστι
649 1499 716 1562 τῶν
734 1493 991 1585 ἡμαρτημένων,
1019 1492 1147 1581 ὁμοίως
1169 1503 1217 1586 τῷ
1238 1494 1354 1567 εὔαδεν
1366 1514 1437 1580 (338)

186 1607 218 1690 (l.
240 1599 328 1691 εόᾶν,
348 1606 412 1672 hoc
432 1610 580 1686 accentu,
605 1628 633 1673 v.
655 1604 764 1693 Uhlig.
786 1606 807 1671 l.
828 1606 849 1672 l.
869 1629 901 1693 p.
924 1612 978 1687 37,
1002 1607 1054 1673 vel
1075 1596 1153 1685 εἶὲν,
1182 1599 1261 1672 stov
1281 1631 1352 1676 cum

185 1715 319 1802 Uhligio
340 1715 404 1796 ibt,
427 1707 508 1779 ιδοῗ.
550 1712 640 1780 Idem
661 1714 771 1780 docuit
791 1717 825 1779 et
843 1714 986 1780 rationes
1006 1715 1129 1780 addidit
1142 1715 1355 1801 Herodianus,

186 1828 224 1889 ut
237 1823 462 1908 cognoscimus
477 1844 516 1889 ex
530 1821 603 1888 looo
622 1821 761 1907 quodam
780 1822 1010 1889 iucundissimo
1024 1821 1235 1910 Theognoeti,
1258 1846 1354 1910 quem

185 1930 333 1996 Beklrero
355 1931 509 1997 debemus
530 1930 651 1997 Anecd.
673 1951 704 2014 p.
729 1934 806 1997 1433
829 1928 984 2015 (Cramer.
1005 1930 1066 1996 An.
1086 1930 1144 1999 Ox.
1166 1930 1198 1996 Π
1215 1937 1282 2012 158,
1299 1934 1353 2018 14>

184 2034 241 2103 καὶ
262 2027 365 2115 αὖθις
387 2032 406 2104 ὁ
428 2031 526 2116 αὐτὸς
547 2037 774 2121 (Herodianus)
804 2033 881 2121 περὶ
906 2040 972 2101 τῶν
995 2029 1104 2102 αὐτῶν
1126 2058 1227 2125 φησιν
1247 2033 1295 2117 κός
1314 2033 1354 2104 οδ

184 2145 236 2211 δεῖ
251 2144 293 2211 τὰ
315 2143 544 2227 σχετλιαστικά
564 2147 631 2210 τῶν
651 2138 883 2231 ἐπιρρημάτων
903 2141 960 2209 καὶ
981 2136 1126 2224 εάκτικά,
1152 2139 1254 2212 οἷονεί
1274 2149 1356 2230 βακ-

183 2234 274 2333 χικά
290 2247 369 2320 lina
396 2255 428 2338 (l.
453 2244 526 2321 οἷον
547 2245 626 2319 οὐδὲ
645 2249 688 2317 τὰ
709 2245 870 2335 βακχικά,
899 2274 928 2319 v.
947 2251 986 2318 E.
1008 2253 1052 2319 Μ.
1075 2276 1099 2319 ε.
1119 2245 1173 2337 ἰώ)
1199 2246 1268 2318 ἀπὸ
1295 2251 1355 2341 τὴν

184 2355 331 2441 ἔντεχνον
354 2354 564 2427 ἀκολουθίαν
591 2352 698 2445 ἀγειν,
729 2353 797 2445 εἴγε
823 2353 903 2425 οδδὲ
925 2357 1008 2448 μέρη
1036 2353 1137 2445 λόγου
1162 2357 1249 2439 τινὲς
1269 2350 1356 2427 εἶναι

183 2471 287 2533 ταῦτα
309 2462 480 2552 ἐνόμισαν·
507 2463 697 2555 πασχούσης
718 2467 780 2554 γὰρ
800 2471 911 2558 ψυχῆς
930 2460 954 2555 ἢ
980 2461 1140 2554 διακόρου
1165 2461 1232 2535 ὑπὸ
1263 2463 1356 2536 οἴνου

185 2569 287 2662 σόσης
302 2568 421 2660 ἀλογοι
436 2570 588 2662 δηλονότι
602 2574 660 2641 καὶ
674 2571 709 2641 αἱ
724 2571 930 2666 ἐκφωνήσεις
950 2568 1058 2664 αὐτῆς.
1094 2572 1150 2643 διδ
1172 2569 1225 2640 ἐπ’
1250 2569 1357 2642 αὐτῶν

184 2678 258 2749 ἔσθ’
283 2679 338 2750 ὅτε
358 2682 397 2748 τὸ
419 2681 502 2749 δασὺ
522 2687 653 2767 πνεῦμα
675 2676 806 2768 ἀλόγως
827 2679 863 2750 ἐν
881 2687 923 2774 τῇ
944 2679 1084 2773 ληγοόση
1105 2683 1254 2775 συλλαβῇ
1276 2679 1356 2771 ὁρᾶ-

183 2815 251 2871 ται,
275 2786 321 2869 ὡς
335 2785 401 2874 ἔχει
414 2789 453 2857 τὸ
471 2784 552 2871 εὐοῖ,
575 2785 665 2872 εάἀν,
689 2784 763 2857 tter
777 2784 884 2878 <εά’ἆν,
900 2784 977 2857 εάαἵ
991 2814 1070 2859 corr.
1084 2792 1219 2880 Uhlig.>.
1249 2792 1356 2860 Sohol

185 2900 280 2967 Dion.
303 2922 351 2988 gr.
373 2922 403 2985 p.
425 2906 484 2969 951
505 2897 544 2966 τὸ
567 2893 652 2986 εὐοῖ,
679 2892 759 2966 εάόν
784 2892 916 2985 ἀλόγως
942 2900 1078 2965 δασεῖαν
1102 2893 1232 2980 ἔχουσιν
1256 2897 1291 2965 ἐν
1311 2904 1357 2987 τῷ

184 3005 272 3073 τέλει
286 3004 381 3072 ἁπλᾶ
403 2999 492 3086 tna,
516 3001 546 3073 εὶ
565 3002 614 3098 μη’
635 3031 686 3086 τις
707 3001 787 3098 εἷ’πη
806 3005 845 3075 εδ
860 3005 1009 3097 σφοδρὸν
1030 3010 1160 3091 πνεῦμα
1178 3010 1251 3086 τοῖς
1269 3012 1355 3093 flux-
1372 3020 1421 3072 ³24

184 3111 356 3197 χιάζσυσιν
377 3110 541 3200 ἁρμόζειν.
577 3118 693 3183 Coram
715 3118 873 3183 eiusmodi
894 3117 1031 3183 testibus
1053 3116 1277 3184 obmutescent
1293 3118 1355 3183 im·

185 3224 287 3309 perite
307 3224 520 3290 reclamantes
542 3246 623 3309 qnos
645 3225 776 3310 respicit
795 3224 943 3291 Euetath.
966 3223 1007 3290 ad
1023 3223 1118 3290 Dion.
1139 3248 1168 3294 v.
1190 3232 1251 3293 704
1273 3220 1357 3290 Εόοῖ

185 3324 295 3411 Βάκχε
315 3325 493 3419 ὖμνητικόν
516 3329 555 3398 τὸ
578 3329 706 3416 λόγιον,
733 3329 845 3418 ὥσπερ
872 3329 929 3399 καὶ
952 3331 992 3398 τὸ
1014 3324 1103 3411 εόόν,
1134 3329 1218 3398 δ’θεν
1238 3331 1296 3398 καὶ
1315 3330 1354 3398 τὸ

185 3431 315 3519 εόάζειν
335 3438 393 3505 καὶ
413 3433 522 3517 Εὖίος.
562 3440 666 3504 ταῦτα
696 3432 728 3504 οὶ
758 3435 820 3522 μὲν
844 3435 1003 3508 ἔδόσυνον
1029 3435 1075 3520 ἀς
1095 3436 1354 3508 ἐνθουσιαστικὰ

185 3541 386 3630 πρωτόθὲτα
412 3542 639 3634 ἐπιρρήματα,
668 3540 702 3612 ot
728 3542 766 3612 δὲ
791 3541 933 3638 δψίλουν
958 3542 1031 3613 ἀντὶ
1050 3553 1109 3615 τοῦ
1129 3539 1167 3614 εὖ
1188 3538 1225 3615 οἷ
1242 3544 1356 3613 τουτέ-

185 3673 257 3717 σκιν
278 3646 376 3740 coepi.
417 3657 464 3720 At
488 3656 550 3721 hos
571 3679 612 3722 ne
632 3656 680 3721 ita
700 3656 830 3741 quidem
850 3678 919 3722 rem
940 3678 1031 3723 suam
1052 3661 1185 3743 egentes
1205 3657 1356 3723 ferendos

185 3765 331 3845 putasset
351 3762 553 3848 Apollonius.
598 3762 685 3831 Nam
711 3765 767 3849 qni
787 3764 1044 3830 interiectionem
1065 3758 1165 3830 ιόοιοί
1193 3787 1231 3830 ex
1253 3754 1290 3830 οἷ
1307 3765 1356 3831 fa·

187 3873 271 3935 ctam
289 3892 359 3936 eme
374 3875 619 3938 autumaverunt
635 3893 692 3937 eoa
705 3869 769 3937 hoc
789 3872 887 3938 modo
910 3872 1055 3958 increpat
1076 3871 1115 3938 (le
1137 3872 1206 3938 cdv.
1231 3877 1300 3952 537,
1315 3878 1355 3940 29

185 3979 259 4054 πῶς
287 3970 320 4041 δ’
344 3969 417 4058 σάχὶ
443 3977 501 4045 καὶ
532 3978 663 4065 γελοῖον
692 3975 728 4044 δν
753 3980 801 4065 τῷ
829 3970 930 4044 ἀοιοί
955 3980 1028 4063 (ine.
1049 3976 1087 4044 ιδ
1110 3983 1157 4063 οι)
1183 3971 1355 4063 ἐκκρίτου

186 4076 413 4167 ἀντωνυμικυῦ
447 4089 680 4175 παρακεῖσθαι
709 4087 754 4172 (h.
806 4137 814 4153 .
847 4082 883 4151 ἀν
911 4082 1104 4172 παραθέσει
1133 4076 1248 4170 aivam·
1283 4088 1357 4164 πῶς

184 4186 291 4256 πάλιν
313 4189 611 4274 δεδιπλασίασεαις
638 4198 715 4262 ποῦ
740 4188 763 4281 ἡ
792 4193 932 4259 δασεῖα
955 4196 1024 4281 τῆς
1045 4187 1304 4277 ἀντωνυμλας,
1332 4187 1357 4280 ἢ

185 4293 294 4387 ποῦὴ
319 4298 571 4389 περισπωμένη,
605 4302 656 4369 Ex
681 4302 803 4369 Latinis
830 4302 920 4370 libris
946 4301 1061 4369 Euhoe
1090 4307 1123 4368 et
1149 4301 1275 4368 Euhius
1305 4303 1356 4367 vel

185 4408 274 4476 furca
308 4409 447 4495 expellas
476 4415 618 4478 recurret
646 4414 768 4492 tamen,
797 4411 860 4476 vid.
886 4410 1020 4480 Gesner.
1053 4415 1086 4476 et
1112 4409 1250 4479 Lobeclr.
1282 4410 1303 4478 l.
1332 4411 1355 4481 1.
