3425 4934
368 317 430 380 252
821 307 868 365 IV.
891 305 933 363 De
950 305 1086 378 prosodia

367 497 431 556 σιν,
455 470 568 560 ὥσπερ
590 470 647 541 καὶ
671 467 853 560 αὐτάρκων,
877 471 934 540 καὶ
956 471 994 541 τὸ
1016 468 1173 560 συνήθων
1193 469 1251 537 καὶ
1272 465 1454 558 κακοήθων
1473 473 1539 553 βα-

368 576 499 668 ρύνεται
528 579 639 665 ὥσπερ
669 579 726 647 καὶ
756 580 798 647 τὰ
829 575 939 647 αὐτῶν
968 576 1187 667 ἐπιρρήματα.
1234 581 1281 648 cf.
1308 581 1406 651 etiam
1431 580 1538 664 ipsum

367 691 522 758 Ioannem
548 690 612 757 alio
644 689 717 756 loco
737 713 768 776 p.
791 695 840 768 39,
866 697 914 759 12.
960 689 1025 758 Ubi
1046 687 1259 756 Aristarcheis
1285 687 1414 754 additur
1434 677 1539 752 νοσώ-

369 796 447 867 οων.
483 793 501 863 ὁ
524 793 562 863 dd
579 790 793 882 Ἀρίσταρχος
813 794 927 864 καὶτὸ
950 791 1105 865 νοσώδιον
1127 791 1281 879 ἐβάρυνεν
1301 787 1441 878 ἀλόγως.

283 1018 356 1090 (rte)
450 1006 470 1090 fi
491 1011 521 1074 3.
565 1005 630 1074 Sed
657 1008 713 1073 ubi
734 1029 812 1073 usus
839 1007 1002 1087 deficeret,
1026 1007 1048 1071 i.
1071 1027 1098 1072 e.
1124 1005 1158 1069 in
1187 1003 1343 1070 obsoletis
1369 1003 1482 1069 formis
1504 1008 1540 1069 et

366 1113 544 1194 vocabulis,
565 1137 629 1199 qua
649 1115 702 1180 via
721 1115 927 1182 Aristarchus
948 1115 1115 1199 ingressus
1137 1115 1206 1177 est?
1234 1110 1343 1177 Pauca
1363 1114 1453 1189 sunt,
1475 1111 1538 1177 'sed

367 1222 528 1306 quantivis
556 1222 652 1308 pretii
685 1222 784 1289 verba
812 1221 990 1288 Herodieni
1022 1242 1105 1305 qnae
1136 1219 1294 1299 indicant,
1327 1218 1369 1284 ad
1397 1223 1437 1282 A
1462 1225 1538 1287 659:

366 1322 636 1416 προπαροξύνθρ
658 1323 696 1394 δὲ
714 1321 784 1394 ὑπὸ
805 1331 866 1394 τοῦ
878 1321 1095 1409 Ἀριστάρχου
1118 1329 1172 1410 (sc.
1188 1317 1380 1413 οὐτάμενος)
1401 1321 1459 1390 διὰ
1479 1322 1538 1392 τὸν

364 1439 566 1522 χαρακτῆρα,
586 1425 1337 1519 ἐπεὶαὶσοιαῦταιμετοχαὶπραπαριοξύνοντσ,
1354 1424 1538 1519 ἱστάμενος,

366 1537 569 1628 κιχρᾶμινσς.
609 1537 628 1611 ὁ
656 1541 729 1629 γὰρ
752 1537 850 1631 ἀνὴρ
871 1545 923 1629 τῷ
940 1544 1166 1628 χαρακτῆρι
1184 1539 1337 1624 μᾶλλον
1356 1538 1450 1619 τοὺς
1470 1535 1537 1606 τό·

366 1673 457 1729 νοος
476 1646 696 1734 προσνέμοι
707 1653 762 1717 ¹⁶⁰.
795 1643 986 1734 Οὕτσὶμενος
999 1672 1072 1717 cum
1087 1648 1158 1716 aliis
1173 1649 1294 1715 nemini
1307 1649 1430 1735 ignotis
1442 1648 1537 1715 Butt-

366 1780 493 1838 manno,
514 1762 551 1823 ut
565 1762 701 1839 constat,
723 1760 834 1826 aoristi
853 1763 930 1825 sunt
950 1781 1008 1843 per
1029 1778 1191 1843 syncopen
1212 1756 1296 1822 facti.
1333 1755 1475 1836 Quodsi
1496 1757 1537 1822 iis

365 1864 485 1931 finibus
510 1865 794 1946 circumscribitur,
821 1888 903 1951 quos
928 1866 998 1951 ipse
1020 1866 1068 1930 vir
1088 1863 1330 1931 sollertissimus
1351 1863 1388 1932 T.
1409 1863 1442 1930 Π
1462 1889 1492 1950 p.
1516 1871 1535 1933 2

365 1974 433 2037 not.
448 1975 481 2038 et
493 1995 525 2057 p.
544 1980 581 2043 10
596 1978 664 2041 not.
679 1973 840 2053 indicavit,
856 1974 1030 2039 concedere
1042 1994 1223 2057 possumus.
1243 1971 1377 2058 Proprie
1391 1972 1536 2058 plerique

365 2101 431 2143 non
450 2082 527 2144 sunt
547 2080 659 2146 aoristi
681 2081 737 2146 scd
758 2080 911 2166 analogio
931 2102 998 2146 non
1020 2080 1099 2145 satis
1121 2101 1271 2164 expressa
1291 2080 1384 2146 fictae
1405 2080 1536 2161 formae,

364 2186 461 2252 modo
483 2187 525 2254 ad
545 2188 697 2269 roriston,
718 2187 815 2254 modo
836 2189 878 2253 ad
898 2188 969 2272 ipsa
989 2187 1173 2272 praesentia
1191 2188 1326 2273 propius
1348 2189 1536 2254 accedentes

364 2298 404 2371 (v.
426 2291 548 2362 Buttm.
569 2318 601 2380 p.
619 2300 657 2362 12
677 2299 745 2362 not.
768 2300 787 2363 8
809 2299 841 2361 et
862 2318 892 2380 p.
913 2300 952 2362 23
974 2298 1042 2362 not.
1058 2297 1100 2378 3).
1134 2293 1191 2360 Uti
1212 2294 1313 2379 igitur
1334 2298 1422 2361 totae
1443 2294 1535 2380 quasi

364 2398 522 2466 similibus
535 2402 614 2483 istis,
636 2424 718 2488 quae
732 2383 937 2487 loquentium
952 2401 1061 2468 sensui
1082 2401 1346 2480 obversabantur,
1369 2402 1536 2483 debentur,

364 2507 410 2572 sic
434 2529 495 2573 nec
520 2513 670 2574 accentus
697 2509 738 2574 ad
759 2508 856 2576 alia'm
877 2531 974 2595 qnam
993 2509 1034 2574 ed
1055 2507 1172 2575 horum
1193 2509 1435 2576 similitudinem
1452 2512 1535 2596 poni

363 2617 500 2697 poterat.
536 2614 631 2693 Quod
644 2617 821 2682 rectissime
843 2616 946 2682 sensit
964 2614 1179 2681 Aristarchus.
1215 2615 1386 2684 Praeterea
1407 2622 1444 2685 ut
1465 2641 1535 2684 om·

364 2720 441 2786 nino
470 2723 677 2808 synecdrome
694 2744 846 2808 magnum
868 2723 980 2790 Graeci
1002 2723 1159 2788 sermonis
1180 2728 1380 2791 momentum
1401 2730 1464 2804 est,
1488 2726 1536 2792 sic

362 2829 398 2892 in
415 2829 601 2895 accentibus
620 2829 785 2897 valuit¹⁶⁰.
822 2831 933 2917 Ipsum
954 2823 1014 2894 ἱιόν
1035 2851 1102 2896 non
1123 2831 1262 2897 aoristus
1284 2836 1342 2913 est,
1362 2855 1421 2900 neo
1442 2825 1536 2917 κιών,

363 2935 420 3001 sed
446 2941 578 3023 propter
606 2938 785 3024 simplicem
815 2939 952 3004 formam
976 2941 1145 3004 accentum
1165 2939 1294 3004 coriatis
1316 2943 1355 3022 (a
1377 2961 1409 3027 g.
1431 2934 1533 3024 πιών)

363 3046 655 3113 accommodarunt.
690 3046 736 3113 Et
756 3050 870 3114 contra
890 3045 1020 3111 videant
1041 3045 1120 3130 quid
1141 3050 1253 3133 agant,
1279 3048 1335 3133 qui
1357 3049 1444 3133 quod
1463 3045 1534 3133 ἔρι-

363 3150 459 3229 σθαι,
483 3151 678 3233 demandare,
696 3176 830 3232 πιτνων,
852 3147 971 3243 ὀφλειν
986 3154 1179 3220 aenatorum
1193 3154 1460 3240 significationem
1473 3155 1533 3221 ha·

363 3257 453 3341 bont,
479 3261 633 3328 contiuuo
660 3266 829 3329 accentum
853 3261 1048 3328 aoristorum
1077 3262 1303 3328 accersendum
1329 3266 1453 3347 putant
1493 3263 1533 3329 In

364 3386 428 3450 quo
457 3390 553 3453 quam
575 3393 641 3436 non
668 3371 876 3436 subleventur
897 3368 1047 3454 paradosi
1069 3368 1131 3454 ipsi
1153 3369 1269 3454 opinor
1290 3370 1442 3437 sentiunt.
1476 3371 1532 3437 De

281 3442 533 3578 (gggld'peudae
569 3477 712 3545 diserte
746 3482 915 3545 testatur
945 3476 1197 3543 Herodianus
1226 3479 1265 3540 Π
1291 3479 1401 3557 47161,
1430 3500 1534 3543 κατα-

365 3577 506 3666 δάρθαιν
527 3584 656 3651 Atticos
678 3586 782 3652 dicere
802 3607 862 3671 pro
883 3582 1109 3667 καταδαρθεῖν
1130 3583 1230 3650 schol
1251 3582 1338 3651 Nub.
1360 3590 1409 3654 38.

444 3691 665 3760 Aristarchum
695 3694 829 3760 eandem
865 3692 1024 3758 rationem
1058 3694 1205 3758 secutum
1231 3714 1300 3758 esse
1327 3693 1471 3760 videmus
1498 3695 1534 3760 in

429 3858 467 3901 1⁵⁹
487 3857 575 3914 Addit
599 3851 695 3922 ἄλλοις
719 3876 753 3914 τε
780 3859 831 3915 καὶ
851 3858 870 3928 ἡ
891 3854 1031 3927 γινομένη
1052 3860 1108 3911 τοῦ
1129 3872 1148 3911 σ
1168 3850 1273 3927 ὕφεσις
1292 3859 1344 3913 καὶ
1364 3857 1535 3929 ἀναδρομὴν

362 3939 517 4012 ἐργάζεται
532 3940 631 3999 τόνου.
660 3941 721 3999 Ηοο
737 3942 863 4013 seqnitur
874 3938 1048 4011 Apollonius,
1068 3940 1103 3996 de
1117 3940 1188 3998 coni.
1201 3959 1229 4011 p.
1241 3945 1300 3999 496.
1328 3943 1458 3999 Ceterum
1474 3943 1534 4013 qui-

362 4027 413 4081 bus
433 4027 503 4083 hsec
524 4025 603 4082 cordi
625 4029 692 4083 sunt
714 4029 813 4082 auctor
833 4025 886 4082 sim
903 4028 937 4080 ut
952 4028 1045 4081 totum
1061 4024 1215 4082 Herodiani
1232 4026 1356 4082 scholion
1373 4027 1457 4098 paulo
1474 4027 1533 4084 lon·

362 4109 430 4179 gius,
448 4110 525 4166 cuins
541 4114 652 4181 partem
668 4128 753 4182 snpra
768 4110 871 4181 scripsi,
892 4109 1004 4168 adeant.

429 4197 466 4239 ¹⁶⁰
482 4195 582 4251 Refero
594 4194 649 4251 hnc
660 4193 807 4267 αἰχμητής,
825 4193 902 4264 quod
913 4194 1087 4266 applicatum
1103 4198 1146 4250 est
1161 4193 1199 4249 ad
1215 4199 1351 4266 μαχητής.
1382 4198 1535 4266 Βλὴμινσς

361 4278 476 4335 sonasse
487 4296 543 4336 non
556 4278 663 4335 dietum
674 4283 753 4346 esset,
770 4278 824 4334 nisi
835 4282 868 4334 nt
879 4277 1085 4348 quodammodo
1097 4277 1279 4348 responderet
1289 4278 1352 4357 voci
1364 4273 1534 4349 αὐτόματος.

429 4365 466 4407 ¹⁸1
482 4363 561 4421 Idem
578 4365 653 4423 certe
670 4380 728 4421 non
743 4363 823 4422 novit
839 4356 951 4423 πιτνών
967 4363 995 4418 fl
1012 4367 1069 4420 827.
1100 4360 1140 4421 Cf.
1158 4362 1226 4420 Lob.
1244 4364 1288 4419 Ar
1307 4369 1363 4421 184.
