3425 4934
632 346 655 399 1.
679 342 721 399 De
735 337 915 400 'athetaibuu
1294 353 1354 417 333

188 510 269 576 moti
290 530 399 576 versus
421 531 513 576 veros
534 532 601 576 nou
623 534 693 578 esse
714 513 969 598 pronuntiamus,
991 515 1143 596 quattuor
1163 516 1248 577 sunt.
1283 511 1355 577 Pri·
1371 528 1420 579 ess

186 641 275 684 mum
301 616 452 683 deficiens
477 619 654 686 carminum
679 641 841 686 connexus
869 618 921 686 vel
949 619 1139 706 discrepans.
1182 619 1307 686 Deinde
1329 620 1355 685 si

187 726 266 810 quid
280 724 428 808 displicet
447 726 482 791 in
503 729 572 791 arte
592 729 708 811 poetae
728 727 780 792 vel
800 727 835 792 in
860 726 1028 792 hominum
1044 726 1241 811 deorumque
1261 726 1354 793 factis
1367 730 1438 801 (353)

187 838 219 899 et
234 834 388 900 moribus.
424 831 509 898 'l'um
530 833 557 898 si
580 833 658 918 quid
678 834 712 899 in
734 834 992 919 antiquitatibus,
1015 834 1151 919 denique
1173 834 1201 899 si
1224 834 1302 920 quid
1322 836 1357 900 iu

187 964 334 1008 sermone
356 963 376 1006 a
400 944 516 1026 poetae
544 940 776 1007 cousuetudine
803 941 971 1026 discrepat.
1012 940 1056 1005 Et
1077 940 1262 1008 Zenodotus
1285 943 1357 1027 qui-

188 1050 261 1115 dem
286 1048 391 1135 primo
419 1053 453 1115 et
478 1048 619 1115 secundo
640 1069 759 1135 genere
781 1048 964 1115 substitisse
984 1049 1151 1133 reperitur,
1169 1049 1303 1115 tertium
1324 1055 1358 1115 et
1461 1076 1466 1087 ·

188 1160 338 1241 quartum
364 1177 467 1244 genus
492 1157 564 1222 aliis
588 1156 788 1240 relinquens,
820 1157 875 1241 qui
903 1159 1003 1223 artem
1030 1156 1172 1223 criticam
1193 1179 1267 1223 cum
1288 1161 1356 1223 arte

187 1265 396 1349 grammatica
416 1264 618 1331 coniuncturi
640 1269 739 1331 erant,
780 1261 818 1328 ln
844 1263 902 1330 illo
928 1286 1004 1331 vero
1030 1265 1134 1350 primo
1155 1268 1189 1330 et
1215 1264 1356 1331 secundo

188 1393 307 1457 genere
333 1375 371 1439 ut
397 1372 555 1458 quaedam
582 1372 674 1453 vidit,
701 1394 783 1457 quae
804 1371 978 1457 posteritas
998 1372 1160 1458 probavit,
1187 1372 1233 1439 sic
1254 1372 1295 1438 ab
1317 1373 1357 1437 iis

189 1480 350 1547 erroribus
365 1502 475 1546 cavere
489 1502 555 1546 non
570 1483 705 1566 poterat,
728 1502 809 1565 quae
827 1479 960 1545 omnino
983 1484 1016 1546 et
1037 1502 1119 1565 quae
1139 1479 1198 1545 illo
1219 1481 1356 1547 maxime

188 1592 332 1674 tempore
346 1589 380 1654 in
394 1588 455 1655 hac
468 1611 503 1654 re
517 1587 676 1654 declinare
688 1586 924 1655 difficillimum.
947 1585 1035 1665 Quot
1047 1609 1099 1654 res
1113 1587 1163 1653 vel
1177 1587 1274 1654 hodie
1289 1610 1356 1655 non

188 1694 328 1762 Wolfius
343 1695 400 1762 sed
413 1694 568 1762 Wolfiani
588 1696 673 1761 inter
694 1717 728 1762 se
750 1695 968 1762 contradicere
990 1694 1197 1775 affirmarunt,
1219 1717 1300 1780 quae
1321 1696 1356 1761 in

187 1806 287 1888 poeta
305 1803 436 1870 minime
458 1803 619 1870 contraria
631 1801 826 1869 ridebuntur
846 1802 925 1888 quid
938 1804 1054 1888 poetae
1075 1802 1170 1868 liceat
1189 1824 1256 1869 non
1278 1802 1356 1888 quid

187 1911 332 1977 veritatis
359 1915 492 1996 quaerat
522 1911 673 1977 ieiunitas
698 1909 750 1976 rel
778 1909 1005 1996 reputantibus
1031 1908 1081 1976 vel
1107 1911 1216 1995 potius
1246 1911 1355 1976 nativo

187 2041 283 2085 sensu
305 2018 436 2087 edoctis.
481 2017 545 2087 Sed
566 2022 603 2085 nt
624 2017 665 2085 ad
686 2017 922 2084 Alexandrinos
949 2038 1039 2083 meos
1058 2017 1200 2095 redeam,
1227 2018 1355 2085 initium

185 2126 301 2191 faciam
322 2127 363 2193 ab
384 2126 456 2208 hoc,
477 2126 564 2213 quod
586 2126 627 2193 ad
647 2126 823 2192 secundum
844 2145 948 2211 genus
962 2122 1164 2191 referendum
1184 2125 1253 2193 erit.
1288 2126 1357 2192 Ab·

186 2233 382 2299 iudicaverat
404 2233 589 2300 Zenodotus
610 2233 731 2300 multos
752 2255 863 2299 versus
885 2232 926 2298 ab
947 2231 1089 2299 Homero
1113 2228 1229 2299 διὰτὸ
1253 2224 1357 2315 ἀπρε-

185 2336 258 2417 πές,
282 2341 310 2406 si
325 2342 403 2425 quid
416 2342 552 2408 heroum
570 2342 620 2408 vel
641 2342 773 2408 deorum
796 2340 987 2426 grantatem
1008 2339 1115 2406 minus
1137 2339 1248 2406 decere
1269 2339 1357 2406 vida·

185 2448 289 2515 batur,
323 2451 356 2513 Δ
373 2454 412 2517 88
433 2449 578 2516 Minerva
598 2453 704 2515 sumta
724 2448 805 2515 facie
827 2447 966 2514 Laodoci
988 2446 1162 2532 perlustrat
1184 2446 1357 2513 exercitum

188 2554 372 2622 Pandarum
395 2579 564 2642 quaerens:

268 2656 448 2748 Πάνδαρον
469 2655 629 2730 ἀντίθεον
649 2660 816 2751 διζημένη,
838 2657 874 2728 εἴ
891 2686 958 2729 nou
980 2656 1127 2749 ι’φιόροι.

267 2758 342 2855 εὗρε
362 2765 544 2849 Λυκάονος
563 2764 636 2839 οἷὸν
657 2762 814 2855 δμόμονά
834 2792 871 2836 τε
891 2763 1050 2855 κρατερόν
1069 2791 1115 2838 τε.

188 2878 363 2966 Indignum
394 2878 485 2947 duxit
507 2879 558 2946 dei
579 2901 729 2964 persona,
761 2879 848 2964 quod
875 2879 1038 2964 quaerit:
1069 2874 1198 2965 ,,τσι’τηι
1228 2874 1356 2965 καὶτῷ
1486 2957 1491 2965 .

186 2982 259 3074 ἑξῆς
277 2980 501 3072 παράκεινται
522 2985 644 3052 διπλαῖ
664 2983 939 3075 περιεστιγμέναι,
961 2981 1013 3053 ότι
1032 2978 1219 3073 Ζηνόδοτος
1238 2978 1355 3053 τοότοο

184 3091 246 3178 μὲν
273 3092 311 3161 τὸ
339 3088 589 3181 dromedarium
617 3090 722 3173 οὕτως
747 3088 870 3183 γράφει
895 3082 995 3179 „edos
1022 3090 1058 3159 δὲ
1078 3086 1209 3179 τόνδε“,
1239 3091 1298 3160 τὸν
1319 3091 1356 3159 δὲ

187 3198 337 3288 δτόττρον
359 3196 438 3269 οὐδὲ
458 3198 591 3290 γράφοι,
612 3202 721 3268 δοκῶν
741 3195 961 3286 ἀνθρώπινον
980 3199 1019 3268 τὸ
1042 3200 1147 3290 ζητεῖν
1168 3192 1268 3268 εἶναι·
1293 3224 1354 3267 κα·
1372 3216 1422 3268 eea

185 3306 367 3377 ταλέλσιπο
387 3308 425 3376 δὲ
444 3308 483 3377 τὸ
503 3308 668 3399 διζημένη.
703 3304 817 3396 ἀγνοεῖ
833 3307 870 3376 δὲ
884 3305 938 3378 ὅτι
959 3302 1170 3393 ὁμοιωθεῖσα
1183 3300 1357 3396 Λαοδόκῳ

188 3411 334 3505 ἀνάγκην
358 3408 443 3500 εἶχεν
464 3410 666 3503 ἀνθρώπινα
688 3414 928 3507 ἐπιτηδεύοινίῑ.
949 3456 990 3468 -
1012 3421 1042 3482 Γ
1060 3424 1130 3496 424,
1151 3418 1206 3484 ubi
1228 3417 1358 3505 Aphro·

190 3526 255 3592 dite
276 3526 421 3594 Helenae
443 3527 560 3594 dicitur
580 3527 692 3594 sellam
712 3527 868 3613 posuisse,
892 3528 973 3593 duos
994 3548 1104 3593 versus
1126 3527 1234 3593 omisit
1252 3526 1358 3592 Zeno·

190 3635 297 3700 dotus:
324 3628 499 3721 „drepente
524 3632 585 3719 γὰρ
614 3627 704 3721 αὐτῷ
731 3629 887 3723 ἐφαίνετο
907 3632 946 3702 τὸ
967 3636 1006 3724 τῇ
1022 3627 1135 3721 Ἑλένη
1155 3632 1212 3720 τὴν
1230 3626 1357 3721 'Appo-

187 3737 280 3828 δίτην
307 3738 428 3830 δίφρον
451 3736 665 3827 desedisse&
709 3743 768 3810 cui
793 3743 1020 3829 respondetur:
1052 3736 1294 3826 ,,ἕττιλέλησται
1320 3737 1357 3805 δὲ

186 3844 242 3913 δ’τι
267 3847 348 3934 γραῒ
371 3843 523 3918 εἴκασται
547 3849 606 3917 καὶ
625 3845 725 3940 ταότη
751 3853 791 3941 τῇ
811 3853 926 3940 μορφῇ
945 3847 987 3914 τὰ
1009 3846 1220 3936 προσήκοντα
1242 3845 1357 3937 ἕπιτη·

187 3952 310 4024 διόιι“.
358 3957 412 4027 Sic
443 3960 531 4045 quod
563 3960 690 4046 spurius
713 3958 887 4026 Zenodoto
917 3959 1005 4025 visus
1038 3958 1127 4025 locus
1157 3958 1196 4024 de
1223 3956 1356 4024 Briareo

185 4066 240 4149 (A
260 4070 445 4152 396-406),
467 4068 555 4154 quod
568 4064 675 4154 Ἥρης
697 4062 837 4132 κόλασιν
859 4067 904 4150 (0
928 4069 977 4153 18)
1000 4067 1145 4151 eiecerat,
1168 4065 1255 4152 quod
1276 4067 1356 4131 item
1367 4068 1438 4138 (³⁶⁴)

186 4252 250 4290 cum
271 4233 510 4291 observationibus
531 4233 567 4290 de
589 4232 708 4304 Olympo
733 4230 866 4303 νιφόεντι
889 4235 919 4289 et
940 4233 1114 4307 πολυπτύχῳ
1136 4236 1166 4289 et
1187 4231 1222 4287 de
1245 4230 1357 4302 Olympi

185 4323 325 4391 καρήνοις
342 4322 370 4375 et
388 4318 487 4376 ceteru
506 4322 672 4375 occurrerat.
707 4316 822 4374 'talibus
838 4316 1016 4383 testimoniis,
1039 4316 1122 4385 quale
1139 4315 1223 4386 illud,
1240 4332 1297 4372 non
1314 4314 1356 4372 uti

186 4403 259 4459 ratio
277 4407 326 4461 eet.
