3425 4934
775 1522 987 1605 Excursus
1017 1522 1067 1604 ad
1098 1552 1138 1630 p.
1170 1525 1235 1605 35.

499 1756 592 1825 Eust.
614 1760 653 1821 A
666 1762 706 1826 20
720 1779 750 1841 p.
766 1759 850 1833 28,2
870 1744 998 1818 Ἀπίων
1019 1748 1076 1819 καί
1094 1743 1296 1835 Ἡρόδωρος,
1321 1741 1367 1818 ὧν
1386 1752 1523 1839 βιβλίον
1544 1748 1590 1833 είς

419 1860 461 1928 τὰ
482 1866 542 1930 τοῦ
559 1858 707 1952 Ὁμήρου
728 1858 876 1953 φέρεται.

484 2017 577 2084 Euat.
601 2020 631 2080 Β
653 2022 714 2085 764
734 2040 764 2103 p.
787 2019 856 2098 340,
877 2019 917 2081 20
1153 2011 1326 2077 Herodian.
1348 2017 1379 2077 B
1400 2020 1460 2082 764

416 2121 455 2190 εδ
488 2120 526 2189 δὲ
559 2117 736 2202 ποδώκεας
763 2114 893 2187 ’Λπίων
927 2114 984 2184 καί
1025 2112 1213 2196 ποδώκεαςτ
1241 2115 1327 2197 τινὲς
1351 2115 1397 2199 ώς
1421 2115 1589 2205 εὖσεβέας·

414 2227 608 2318 Ἡρόδωρος
639 2224 699 2298 οὐκ
726 2223 872 2313 εὐλόγως
897 2249 983 2311 πρσ-
1025 2223 1083 2292 καί
1103 2225 1207 2303 οὕτως
1228 2221 1316 2312 αίρεῖ
1339 2222 1357 2293 ὁ
1381 2221 1494 2313 λόγος,
1524 2224 1590 2314 είγε

417 2336 668 2425 παροξύνεσθαι
689 2334 831 2423 λέγουσι.
856 2333 899 2400 τὰ
920 2332 982 2419 γὰρ
1025 2330 1082 2398 καί
1107 2330 1146 2399 τὸ
1171 2329 1328 2423 ποδώκης
1354 2328 1488 2426 ὀφείλει
1514 2330 1591 2419 όξό-

418 2440 466 2524 είς
490 2469 528 2525 υς
552 2439 747 2529 όξυνόμενα,
776 2438 984 2534 φυλάττοντα
1026 2445 1161 2520 νεσδαι,
1196 2440 1288 2508 καθὸ
1312 2440 1354 2507 τὰ
1383 2437 1431 2523 είς
1455 2469 1492 2523 υς
1514 2439 1591 2527 όξό·

418 2551 453 2620 ἐν
477 2556 518 2644 τῇ
539 2550 694 2621 συνθέσει
715 2551 776 2640 τὴν
798 2545 901 2638 αὐτην
922 2573 982 2616 κα-
1024 2572 1119 2628 τονα,
1151 2544 1365 2639 φυλάσσοντα
1391 2548 1427 2617 ἐν
1451 2556 1490 2643 τῇ
1515 2576 1592 2619 συν·

417 2656 562 2749 τόληξιν,
586 2654 774 2727 ἀναδίδωσι
793 2657 853 2727 τὸν
873 2652 980 2735 τόνον,
1026 2652 1192 2745 θέσειτὴν
1204 2653 1592 2747 κατόληξιν,υίναδίδωσι

418 2760 491 2835 οἷον
518 2761 635 2852 δριμός
660 2763 837 2852 όίνδριμυς,
866 2760 983 2852 τροχός
1023 2761 1082 2831 τὸν
1099 2759 1206 2845 τόνον,
1229 2763 1345 2853 δριμύς
1360 2761 1511 2854 όίδριμυς,
1535 2763 1593 2848 οίχ

416 2870 569 2962 ίίτραχυς·
599 2872 645 2963 μὴ
678 2872 763 2942 οίίτω
792 2871 830 2941 δὲ
855 2868 980 2955 ἔχοντα,
1026 2871 1130 2952 οὕτως
1148 2870 1185 2938 δὲ
1199 2868 1325 2955 ἔχοντα,
1347 2869 1435 2941 όλλδι
1450 2873 1592 2964 τρόπον·

418 2980 506 3051 ἀλλὰ
526 2980 690 3070 τρέποντα
713 2980 751 3050 τδ
773 2980 870 3061 τέλος
890 2983 983 3049 ἵστα·
1024 3004 1065 3045 τα
1092 2978 1129 3046 τὸ
1161 2978 1257 3061 τέλος
1285 2983 1417 3050 ἵσταται
1447 2980 1505 3050 ίπί
1533 2988 1593 3071 τῆς

417 3115 489 3170 ται,
520 3088 638 3179 φασίν,
672 3088 730 3158 ἐπί
755 3085 880 3172 όξείας,
911 3079 984 3156 οἷον
1026 3081 1145 3174 ὀξείας,
1159 3082 1242 3177 ἡδύς
1257 3083 1373 3179 σίηδής,
1387 3088 1490 3178 βαρύς
1504 3086 1591 3179 ἀβα·

418 3193 502 3286 ἡδός
516 3191 631 3286 ἀηδής,
647 3195 751 3284 βαρύς
766 3192 905 3287 όβαρής,
922 3190 984 3285 ἠΰς
1024 3189 1094 3282 ρης,
1108 3189 1169 3284 ἠίίς
1179 3191 1284 3285 ἐνηής.
1300 3191 1473 3277 σίίτωςσόν
1483 3193 1591 3290 ώηιει-

418 3300 529 3395 ίνηης,
562 3302 676 3389 βυθός
704 3298 855 3394 σίβαδης·
896 3302 982 3372 οίίτω
1024 3302 1062 3368 λε
1086 3299 1143 3369 καί
1171 3303 1210 3370 τὸ
1242 3298 1400 3395 ποδώκης
1426 3300 1591 3387 ὀξυτονεῖ-

417 3420 494 3500 γοῦν
514 3410 572 3481 καί
592 3407 681 3492 ώκός
700 3409 874 3503 ποδωκής,
898 3409 983 3480 ώστε
1024 3413 1111 3476 σθαι
1125 3407 1300 3495 γενόμενον
1322 3407 1474 3481 ἀπὸτοῦ
1495 3408 1592 3495 ώκίς.

418 3517 486 3588 κατ’
504 3517 622 3601 αὐτοὺς
640 3517 730 3610 καίὴ
751 3518 911 3610 ποδωκὴς
925 3522 983 3586 ίπ-
1025 3511 1113 3584 ἀλλά
1146 3540 1250 3607 φασιν
1279 3515 1327 3599 είς
1352 3515 1503 3610 ἰδιότητα
1533 3526 1592 3591 τοῦ

417 3654 483 3709 πος
513 3625 671 3712 ὀξυτόνως
703 3624 831 3719 ώφειλε
863 3626 982 3695 καὶτὸ
1020 3619 1200 3707 Ἀχιλλέως
1229 3631 1525 3717 βεβαρυκονῆσδαι
1556 3628 1593 3699 τὸ

418 3735 645 3827 πληθυντικὸν
695 3734 881 3817 ποδωκίας.
942 3735 981 3804 τὸ
1024 3726 1190 3822 ποδώκης.
1216 3734 1310 3822 παρὰ
1325 3740 1402 3821 γοῦν
1414 3742 1461 3824 τῷ
1471 3733 1592 3808 Ἡσιό-

415 3844 531 3929 μέντοι
562 3839 720 3934 ποδώκης
740 3837 912 3925 Ἀχιλλεὺς
943 3838 981 3911 οὐ
1025 3841 1072 3930 δην
1098 3837 1303 3929 όνεγνώκασι
1329 3842 1515 3933 »ποδώκης
1544 3842 1589 3913 δῖ’

417 3947 706 4040 παρασαλεόουσιν
746 3948 779 4020 οί
813 3949 980 4042 ῥηθέντες,
1021 3943 1238 4040 Ἀταλάντηίί.
1284 3948 1318 4018 τί
1350 3944 1408 4020 σόν
1439 3950 1496 4021 ἐπὶ
1532 3958 1592 4023 τοῦ

334 4054 504 4132 (mmm
538 4082 642 4151 φασιν
669 4058 722 4127 ότι
750 4058 789 4127 τὸ
823 4053 983 4147 ποδώκης
1023 4055 1198 4140 Δόλωνοςς
1226 4058 1310 4128 κατὰ
1336 4064 1475 4148 βαρεῖαν
1494 4057 1592 4130 τόσιν

412 4163 582 4250 Ἀχιλλεὺς
608 4163 657 4248 είς
680 4161 831 4257 ίδιότητα
859 4172 920 4234 τοῦ
940 4164 982 4256 η’·
1024 4161 1231 4252 ἀνεγνώκασι
1249 4168 1306 4236 καί
1321 4167 1378 4238 ἐπί
1392 4166 1511 4238 τούτου
1527 4163 1593 4251 »ὃς

416 4299 502 4362 ρωσς
522 4273 791 4366 βεβαρυτόνηται.
1024 4270 1067 4364 δή
1092 4299 1147 4341 τοι
1177 4266 1267 4354 εἶδος
1297 4274 1358 4361 μὲν
1391 4272 1447 4366 ἔην
1473 4275 1588 4358 κακός,

1024 4377 1112 4448 ἀλλὰ
1134 4378 1326 4471 ποδώκης“.
