3425 4934
365 305 385 366 2
616 301 638 354 I.
673 299 715 355 De
732 299 858 356 fontibus
876 300 1019 355 dochinae
1039 300 1239 357 Aristarcheae.

363 484 421 569 τῆς
431 472 580 567 Ἰλιακῆς
601 480 795 570 προσῳδίας
810 478 1022 568 Ἡρωδιανοῦ
1042 482 1100 550 καὶ
1121 481 1158 549 ἐκ
1178 487 1246 551 τῶν
1260 478 1447 568 Νικάνορος
1460 479 1538 567 περὶ

365 593 507 678 στιγμῆς.
543 590 606 657 Hic
628 593 708 658 illud
728 593 879 660 brevitati
901 594 1020 677 datum,
1042 593 1130 679 quod
1145 586 1336 675 Νικάνορος
1355 588 1432 674 περὶ
1452 612 1539 675 στιγ-

362 700 426 786 μῆς
448 698 552 764 dictus
574 704 625 764 est
644 700 735 777 liber,
759 702 815 787 qui
836 702 965 787 proprie
987 701 1140 767 dicendus
1163 707 1248 767 esset
1262 696 1340 783 περὶ
1356 693 1539 787 Ὁμηρικῆς

363 808 515 890 στιγμῆς,
544 808 632 893 quod
661 813 694 874 et
721 809 797 875 libri
821 808 948 875 indoles
973 809 1094 874 indicat
1120 814 1153 874 et
1177 809 1228 875 bis
1254 810 1300 875 sic
1320 808 1483 875 invenitur
1503 807 1538 871 in

363 913 600 999 subscriptione
621 915 812 1001 rhapsodiae
834 918 948 982 tertiae
970 921 1003 982 et
1026 921 1166 1002 quartae.
1212 916 1300 984 Suid
1338 907 1495 996 Νικάνωρ
1518 907 1536 979 ὁ

361 1013 527 1104 Ἑρμείου,
538 1014 773 1108 Ἀλεξανδρεὺς
795 1018 1033 1108 γραμματικός,
1058 1021 1200 1108 γεγονὼς
1221 1020 1278 1089 ἐντί
1288 1015 1467 1106 Ἀδριανοῦ
1480 1023 1539 1087 τοῦ

363 1123 536 1213 Καίσαρος
556 1183 563 1196 .
587 1180 595 1195 .
618 1183 625 1198 .
648 1123 800 1220 (ἔγραψε)
822 1127 900 1216 περί
920 1134 1058 1220 στιγμῆς
1078 1134 1135 1220 τῆς
1154 1124 1233 1216 παρ’
1245 1123 1381 1219 Ὀμῆρῳ
1403 1128 1539 1218 καὶτῆς

363 1232 401 1317 ἒξ
421 1230 531 1302 αὐτῶν
553 1229 669 1325 (αἰτῆς
688 1237 812 1324 Daub>
833 1239 998 1324 διαφοράς
1019 1236 1054 1304 ἐν
1074 1241 1112 1328 τῆ
1133 1237 1277 1327 διανοίᾳ.

445 1343 528 1411 Item
551 1346 638 1430 quod
660 1347 738 1412 dicit
758 1342 962 1428 παράκειται
983 1345 1025 1412 τὰ
1040 1339 1268 1432 Ἀριστονίκου
1283 1348 1413 1433 σημεῖα,
1432 1345 1538 1411 noluit

362 1453 470 1519 solum
491 1453 632 1540 intelligi
653 1456 757 1520 textui
779 1458 874 1522 notas
895 1456 1061 1541 appositas
1075 1478 1153 1537 esse,
1174 1456 1230 1522 sed
1244 1456 1341 1521 simul
1357 1478 1396 1520 ex
1409 1454 1537 1520 Aristo·

361 1561 426 1624 nici
447 1560 531 1627 libro
553 1558 632 1646 περὶ
652 1555 796 1648 σημείων
817 1563 955 1650 singtilis
976 1565 1123 1629 versibus
1144 1563 1365 1629 annotationis
1387 1584 1457 1627 esse
1481 1561 1537 1626 ad·

361 1668 516 1752 scriptum
532 1669 619 1753 quod
639 1691 678 1736 eo
692 1670 877 1755 pertineret.
921 1670 1016 1749 Quod
1036 1669 1137 1737 semel
1157 1669 1297 1757 legimus
1318 1670 1353 1735 in
1374 1669 1537 1753 subscrip·

361 1775 451 1841 tione
479 1776 670 1862 rhapsodiae
705 1778 981 1843 duodevicesimae
1012 1771 1213 1863 coccineam
1247 1775 1288 1843 τὰ
1308 1770 1537 1861 Ἀριστονίκου

361 1884 481 1968 σημεῖα
501 1882 584 1965 μετὰ
607 1878 874 1973 ὑπομνηματίον,
898 1908 964 1951 non
987 1909 1068 1972 opus
1090 1890 1140 1952 est
1160 1886 1292 1973 fingere,
1312 1909 1385 1951 cum
1399 1908 1419 1950 a
1432 1885 1536 1970 primo

361 1994 492 2058 auctore
513 1992 635 2078 ubique
655 1993 719 2059 hcc
740 1994 837 2059 modo
860 1994 1015 2079 scriptum
1037 2000 1131 2077 esset,
1150 1996 1185 2059 in
1206 1994 1340 2079 reliquis
1354 1997 1468 2078 postea
1482 2014 1537 2057 ex·

362 2097 492 2179 cidisse,
517 2099 583 2165 imo
610 2100 665 2166 ille
689 2100 738 2167 vel
757 2102 846 2186 ipsos
867 2100 1006 2167 lectores
1026 2103 1153 2187 putavit
1172 2102 1283 2167 statim
1303 2099 1537 2177 intellecturos,

335 2227 426 2281 ,una
453 2228 527 2272 cum
553 2207 655 2292 signis
683 2209 780 2274 etiam
808 2209 864 2294 qui
891 2209 984 2295 signa
1011 2209 1212 2275 illustrarent
1234 2205 1481 2274 commentarios
1503 2207 1538 2270 in

361 2312 424 2378 boc
446 2336 542 2399 opere
563 2314 710 2395 inveniri,
730 2316 790 2397 vel,
812 2337 877 2400 quo
899 2317 1003 2403 magis
1024 2316 1155 2393 inclino,
1177 2313 1217 2379 τὰ
1236 2307 1464 2399 Ἀριστονίκου
1479 2334 1539 2398 ση-

360 2421 437 2504 μεῖα
458 2420 570 2486 eadem
592 2421 747 2488 brevitate
769 2423 849 2489 dixit
870 2423 989 2489 librum
1013 2424 1052 2490 de
1074 2423 1189 2510 signis,
1210 2428 1248 2488 ut
1269 2416 1421 2504 Δίδυμος
1441 2416 1477 2486 ἐν
1496 2423 1539 2509 τῇ

363 2522 549 2611 διορθώσει
567 2531 598 2592 c>
622 2536 679 2597 110
700 2551 760 2614 pro
774 2524 850 2597 Δίδ.
872 2525 907 2595 ἐν
927 2533 975 2616 τῷ
995 2527 1073 2615 περὶ
1095 2525 1319 2613 διορθώσεως.
1344 2528 1399 2597 Sic
1413 2521 1538 2593 Ἀπολ-

360 2629 478 2712 λώνιος
506 2630 541 2699 ἐν
566 2637 605 2725 τῆ
631 2638 754 2725 μετοχῇ
780 2637 882 2704 Orion
908 2660 940 2723 p.
966 2644 1015 2718 89,
1037 2643 1064 2718 8,
1085 2637 1105 2703 i
1125 2660 1152 2704 e.
1174 2632 1210 2702 ἐν
1229 2643 1276 2723 τη]
1296 2634 1374 2720 περὶ
1393 2638 1538 2725 μετοχῆς.

360 2738 529 2826 Πολέμων
555 2738 590 2807 ἐν
614 2744 662 2829 τῷ
681 2741 772 2826 παρὰ
792 2741 987 2833 Ξενοφῶντι
1008 2739 1172 2831 κδνάδρῳ
1193 2744 1312 2812 Athen.
1332 2743 1381 2810 IV
1401 2767 1431 2829 p.
1455 2750 1536 2813 1380.

359 2850 405 2917 Et
421 2843 649 2935 Ἀριστόνικος
668 2846 704 2914 ἐν
720 2852 792 2929 τοῖς
812 2855 958 2940 σημείοις
982 2854 1017 2918 in
1037 2853 1089 2919 his
1110 2853 1189 2937 ipsis
1211 2852 1341 2919 scholiis
1362 2855 1394 2915 A
1408 2858 1458 2918 22.
1491 2850 1538 2917 Ut
1699 2833 1701 2981 Ι

358 2957 441 3023 illud
465 2955 546 3042 pecul
568 2950 821 3044 δτιομνηματίου
849 2962 890 3027 ab
916 2961 1094 3027 recentiore
1115 2982 1213 3025 manu
1234 2961 1394 3025 adiectum
1415 2963 1536 3044 putem.

358 3062 441 3131 Item
464 3065 564 3132 Orion
588 3071 661 3147 188,
689 3067 794 3150 offic
815 3067 859 3136 M.
882 3076 958 3150 627,
978 3073 1030 3150 41)
1061 3067 1113 3133 Et
1134 3065 1178 3134 M
1201 3072 1276 3147 377,
1297 3071 1347 3135 38.
1394 3058 1447 3130 Ἐν
1467 3069 1537 3142 τοῖς

359 3167 508 3260 σημείοις
527 3175 587 3239 τοῦ
606 3178 746 3260 ποιητοῦ
767 3176 870 3243 Orion
893 3182 966 3255 119,
988 3181 1036 3244 28.
1078 3175 1139 3240 Est
1159 3174 1241 3240 liber
1261 3174 1438 3239 Aristonici
1458 3171 1536 3259 περὶ

246 3293 248 3297 ’
359 3273 501 3367 σημείων
531 3272 676 3359 Ἰλιάδος
709 3280 767 3347 καὶ
794 3278 989 3359 Ὀδυσσείας
1022 3282 1074 3350 vel
1108 3279 1186 3366 περὶ
1209 3276 1355 3367 σημείων
1379 3276 1534 3367 Ὀμήρου.

309 3398 347 3468 (t)
360 3386 490 3455 Suidas:
516 3379 746 3472 Ἀριστόνικος
767 3384 1005 3475 Ἀλεξανδρεὺς
1037 3381 1277 3475 γραμματικός·
1304 3383 1432 3477 ἔγραψε
1457 3387 1534 3470 περί

357 3498 424 3559 τῶν
445 3491 587 3583 σημείων
607 3498 674 3562 τῶν
695 3493 731 3563 ἐν
750 3500 791 3588 τῆ
810 3493 973 3586 Θεογονίᾳ
984 3492 1148 3563 Ἡσιόδου
1170 3493 1227 3560 καὶ
1247 3497 1313 3560 τῶν
1327 3498 1384 3583 τῆς
1396 3487 1534 3570 Ἰλιάδος

358 3600 414 3669 καί
431 3596 639 3682 Ὀδυσσείας·
674 3597 886 3673 ἀσυντάκτων
912 3598 1084 3688 ὀνομάτων
1110 3605 1226 3688 βιβλία
1252 3597 1290 3683 ς’.
1331 3602 1420 3668 Haec
1447 3602 1532 3667 enim

357 3735 433 3779 vera
453 3712 671 3799 interpunctio
693 3718 751 3793 est,
773 3736 840 3779 non
860 3714 924 3779 hoc
944 3714 1055 3781 modo:
1077 3711 1133 3779 καί
1153 3717 1218 3778 τῶν
1238 3715 1297 3800 τῆς
1315 3703 1457 3786 Ἰλιάδος
1477 3708 1532 3774 καί

355 3811 550 3899 Ὀδυσσείας
571 3813 777 3887 άσυντάκτων
800 3816 979 3905 ὀνομάτων.
1010 3821 1095 3900 Quid
1109 3822 1152 3887 sit
1167 3813 1345 3898 άσυνταξία
1361 3811 1533 3899 ὀνομάτων

357 3927 428 3993 vide
450 3929 536 4014 apud
556 3927 752 3995 Lobeckium
775 3930 908 4016 paralip.
931 3953 963 4015 p.
987 3935 1036 3998 30.
1070 3930 1120 3995 De
1145 3928 1201 3994 illa
1221 3926 1481 4012 interpunctione
1503 3928 1532 3992 si

357 4034 408 4098 cui
430 4041 526 4102 antea
547 4037 694 4104 dubitare
716 4038 843 4117 licebat,
864 4042 1038 4123 postquam
1059 4038 1166 4122 ipsum
1186 4036 1305 4102 librum
1324 4034 1532 4119 inspeximus,

357 4140 497 4209 debebat
512 4166 618 4211 nemo.
642 4144 796 4212 Omnium
810 4145 944 4211 minime
961 4144 1112 4209 ferendus
1126 4143 1312 4222 Larcherus,
1333 4145 1453 4207 rectam
1467 4142 1532 4207 loci
1699 4214 1701 4223 ,

325 4264 340 4315 3
358 4248 661 4334 interpunctionem,
684 4275 766 4338 qnae
788 4259 838 4320 est
859 4253 946 4337 apud
963 4251 1142 4317 Eudociam
1164 4251 1254 4334 (Vill.
1276 4273 1309 4335 p.
1332 4254 1395 4333 64),
1417 4250 1532 4334 depra-
1699 4256 1701 4325 ί

356 4378 434 4422 vans
449 4357 490 4422 ad
504 4358 658 4425 Orionem
673 4384 704 4446 p.
720 4367 770 4444 43,
785 4383 858 4425 cum
874 4358 960 4443 apud
974 4359 1089 4443 ipsum,
1104 4357 1143 4422 de
1159 4380 1225 4443 quo
1241 4358 1532 4437 commentabatur,
