3425 4934
301 325 324 375 1.
351 319 392 376 De
408 320 606 391 grammaticis,
626 321 674 392 qui
693 318 862 379 ίνστατικοὶ
881 324 910 378 et
927 323 1039 380 λυτικοί
1057 322 1125 378 dicti
1142 325 1215 377 sunt.
1285 329 1344 390 211

175 488 263 572 piam
285 511 323 553 ex
338 489 545 575 philosophia
562 511 731 575 perperam
750 489 908 576 invulgati
930 491 1090 577 purgatio,
1111 493 1168 556 aut
1189 488 1347 574 captionis

175 596 371 679 sophisticae
403 598 537 676 solutiO,
569 600 625 664 aut
653 597 812 683 inopinati
839 598 1032 682 rariorisque
1058 598 1147 664 verbi
1173 596 1347 682 indagatio,

174 707 233 769 aut
253 708 380 789 tempus
401 705 480 770 item
500 705 539 787 (l)
559 704 593 768 in
619 705 717 770 verbo
739 706 908 792 perspicuo
931 705 1220 771 obscurissimum“.
1256 702 1347 788 Ipsae

176 811 382 893 quaestiones
397 812 469 896 plus
484 811 590 876 minus
605 811 700 876 utiles
715 812 771 895 qui
786 813 883 898 cupit,
897 813 925 878 is
940 813 1025 898 apud
1040 812 1222 899 elegantem
1237 833 1347 876 narra·

175 919 280 982 torem
302 917 371 1002 ipse
394 922 579 1003 cognoscat.
621 917 685 984 Sed
707 941 787 1004 quas
815 924 959 985 veterum
980 924 1150 1005 poetarum
1171 918 1348 984 sententias

175 1023 281 1108 lepide
301 1026 453 1091 obscuras
475 1025 563 1102 dixit,
586 1047 625 1090 ex
646 1027 708 1091 hoc
729 1045 847 1112 genere
868 1028 962 1114 plura
975 1027 1148 1093 Homerica
1169 1026 1255 1111 apud
1268 1025 1346 1090 Plu·

177 1131 322 1198 tarchum
354 1133 587 1217 disceptantur:
622 1155 678 1198 cur
703 1132 865 1200 Nausicaa
895 1158 962 1202 non
989 1135 1113 1201 marina
1142 1134 1199 1200 sed
1226 1131 1348 1198 fluviali

176 1262 261 1324 aqua
275 1240 420 1305 sordidas
433 1239 503 1305 luat
522 1243 627 1306 vestes
642 1242 670 1321 (I
686 1248 705 1309 9
720 1246 771 1325 α);
793 1264 850 1308 cur
864 1243 1008 1309 Achilles
1030 1234 1211 1324 ζωρότερον
1231 1239 1348 1325 pocula

176 1347 303 1413 misceri
316 1347 434 1425 iubeat,
456 1347 544 1431 quod
558 1348 668 1413 multis
689 1349 812 1414 bibacis
832 1350 937 1416 visum
958 1354 1009 1417 est
1029 1348 1072 1431 (V
1086 1350 1133 1432 4);
1149 1370 1206 1414 our
1221 1343 1345 1433 μηλέαι
1363 1356 1413 1408 214

176 1445 412 1537 ἀγλαόκαρποι
434 1453 477 1536 (V
496 1457 536 1537 8),
558 1476 614 1520 our
635 1447 717 1532 ἁλὸς
738 1450 852 1521 θείοιο
873 1457 929 1539 (ib.
952 1461 1002 1540 10)
1026 1455 1148 1535 dixerit,
1169 1455 1249 1520 haec
1269 1476 1346 1540 prae

176 1559 249 1626 aliis
276 1561 418 1646 epitheta
444 1561 582 1648 eligens;
613 1584 764 1628 curcum
785 1566 837 1629 tot
856 1563 979 1649 liquida
999 1564 1085 1648 apud
1105 1565 1236 1647 poetam
1257 1583 1345 1626 com·
1359 1564 1431 1637 (218)

175 1673 394 1734 memorentur
414 1670 448 1733 in
471 1667 544 1735 oleo
564 1669 769 1754 potissimum
790 1671 947 1736 adjectivo
968 1663 1069 1754 ὑγρόν
1090 1673 1200 1735 utatur
1221 1666 1280 1751 (Vl
1302 1672 1347 1751 9);

178 1795 251 1840 cum
276 1774 366 1840 Paris
392 1797 426 1839 se
451 1775 611 1842 Helenam
636 1799 778 1862 opesque
803 1778 1004 1845 redditurum
1030 1776 1244 1862 promisisset,
1269 1775 1297 1841 si
1328 1797 1347 1840 a

177 1881 324 1948 Menelao
345 1883 379 1947 in
400 1883 556 1970 singulari
578 1885 751 1949 certamine
772 1886 876 1951 vietus
897 1885 995 1951 fuerit
1017 1887 1060 1967 (Γ
1072 1893 1121 1964 71,
1141 1890 1190 1965 92,
1212 1884 1251 1949 cf.
1270 1889 1347 1966 101),

177 1993 348 2074 postquam
375 1991 478 2057 victus
501 1993 630 2076 quidem
657 1998 743 2058 esset
762 1993 819 2059 sed
841 2015 907 2058 non
928 2015 1052 2072 caesus,
1082 1993 1242 2059 iustumne
1263 1991 1347 2057 hano

178 2096 310 2164 Troiani
332 2099 570 2166 excusationem
592 2101 678 2185 pacti
699 2100 873 2166 habuerint
893 2099 957 2182 (IX,
974 2105 1011 2168 13
1024 2102 1095 2184 131);
1117 2098 1255 2184 denique
1277 2102 1349 2165 utra

178 2228 276 2271 manu
295 2204 406 2271 Venus
432 2230 452 2273 a
478 2207 634 2273 Diomede
664 2208 831 2274 vulnerata
857 2208 956 2274 fucrit
983 2207 1040 2291 (IX
1061 2211 1092 2292 4)
1104 2207 1157 2274 ¹³².
1200 2206 1349 2273 Comme·

178 2313 299 2379 moravi
328 2336 424 2400 supra
456 2315 567 2400 epulas
593 2338 613 2380 a
643 2316 775 2402 regibus
808 2337 846 2381 ac
876 2315 1040 2381 nobilibus
1069 2315 1103 2380 in
1132 2315 1349 2380 litteratorum

179 2422 317 2507 gratiam
337 2426 515 2507 apparatas.
560 2422 611 2489 Ne
637 2424 678 2489 ab
699 2422 874 2489 Alexandri
896 2422 1026 2508 quidem
1055 2423 1209 2488 conviviis
1236 2423 1349 2489 doctae

179 2530 384 2613 quaestiones
398 2530 517 2596 afuisse
530 2531 689 2596 videntur.
727 2530 824 2616 Apud
838 2530 1060 2596 Ptolemaeum
1073 2529 1349 2614 Hephaestionem

178 2636 315 2702 Photius
337 2639 379 2722 (p.
403 2645 461 2705 147
483 2661 503 2703 a
523 2643 542 2705 3
563 2638 632 2723 Be.)
653 2638 790 2724 legerat,
818 2635 875 2701 διὰ
903 2630 937 2701 τί
962 2630 980 2703 ὁ
1001 2634 1147 2724 ποιητὴς
1166 2634 1350 2715 πελειάδας

179 2738 318 2830 ἐποίησα
338 2747 398 2830 τῆς
418 2748 545 2834 τροφῆς
561 2749 626 2809 τῶν
647 2747 739 2810 θεῶν
758 2742 933 2822 διακόνους
953 2747 989 2828 (μ
1004 2748 1067 2829 62),
1091 2741 1150 2810 καὶ
1168 2740 1241 2810 τίνα
1252 2738 1350 2811 Ἀλέ-

180 2849 319 2937 ξανδρος
344 2850 363 2916 ὁ
389 2850 546 2934 βασιλεὺς
570 2850 628 2918 καὶ
650 2845 880 2937 Ἀριστοτέλης
911 2844 959 2929 εἷς
982 2855 1080 2918 τοῦτο
1107 2840 1211 2920 εἶπον.
1260 2852 1349 2931 Quae

180 2960 310 3044 quidem
331 2959 396 3026 alia
416 2960 584 3027 occasione
605 2966 742 3047 possunt
761 2984 781 3026 a
801 2982 878 3046 rege
896 2959 1031 3025 Homeri
1052 2959 1287 3026 studiosissimo
1309 2962 1321 3040 (
1342 3015 1348 3027 .

180 3066 275 3132 Wolf
298 3067 380 3153 prol.
402 3068 599 3148 CLXXXIV,
624 3068 695 3135 add.
717 3067 900 3134 Hemsterh
920 3066 995 3134 Luc.
1023 3066 1095 3134 dial.
1118 3071 1214 3132 mort.
1236 3066 1296 3133 XII
1317 3070 1348 3150 3)

179 3174 305 3259 prolata
326 3197 409 3254 esse,
436 3179 513 3241 sunt
539 3179 647 3241 tamen
666 3175 824 3241 convivali
845 3175 1058 3260 disputationi
1078 3175 1253 3260 aptissima.
1295 3175 1347 3241 Ad

180 3281 438 3349 Ptolemaeorum
451 3284 595 3350 convivia
604 3284 746 3369 pertinet
756 3283 896 3348 narratio
913 3282 952 3348 de
964 3283 1151 3367 quaestione
1163 3304 1182 3347 a
1195 3282 1347 3362 Comana,

179 3391 266 3478 regis
280 3392 442 3475 pincerna,
463 3392 638 3477 proposita,
657 3391 771 3477 fragm.
786 3396 814 3458 3.
850 3391 947 3475 Apud
960 3389 1171 3456 Plutarchum
1186 3393 1238 3471 (ne
1260 3413 1346 3458 suar.

180 3520 235 3583 qu.
256 3499 319 3564 vivi
338 3505 382 3583 p.)
403 3499 563 3584 Epicurus
593 3499 707 3565 suadet
726 3499 859 3585 regibus
881 3490 1122 3587 φιλομούσοις,
1151 3493 1349 3583 στρατηγικὰ

180 3598 369 3692 διηγήματα
383 3603 440 3671 καὶ
460 3603 623 3697 φορτικὰς
642 3600 854 3690 βωμολοχίας
873 3604 1002 3688 μᾶλλον
1021 3598 1202 3688 ὑπομένειν
1223 3600 1259 3670 ἐν
1279 3607 1349 3683 τοῖς

179 3708 381 3796 συμποσίοις
407 3706 431 3799 ἢ
453 3707 574 3800 λόγους
599 3712 678 3799 περὶ
705 3716 875 3797 μουσικῶν
901 3711 958 3779 καί
985 3714 1172 3801 ποιητικῶν
1197 3711 1348 3800 προβλη-

248 3964 284 4006 131
302 3963 342 4020 cf.
362 3963 496 4036 Porphyr.
515 3966 552 4020 ad
569 3967 597 4020 Γ
611 3969 668 4021 276,
690 3970 747 4020 151.

249 4050 286 4093 ¹³2
300 4051 335 4104 In
352 4049 462 4105 scholiis
478 4049 579 4105 similia
596 4048 692 4115 multa,
709 4052 742 4104 nt
762 4052 785 4105 Θ
803 4054 852 4107 328
869 4057 956 4114 ποῖος
974 4039 1054 4118 ὦμος
1069 4048 1205 4122 βέβληται
1210 4071 1221 4116 ,·
1238 4050 1299 4114 cot,
1318 4051 1348 4105 et

179 4134 315 4204 Porphyr.
338 4133 375 4188 ib.
397 4132 431 4191 dv
450 4131 570 4199 τούτοις
589 4141 652 4198 τοῖς
674 4127 757 4190 ἔπεσι
778 4141 842 4197 τοῖς
863 4135 933 4203 περὶ
954 4136 1007 4189 τοῦ
1032 4133 1162 4204 Τεύκρου
1185 4128 1349 4204 εἰρημένοις

180 4223 299 4289 ζητοῦσι
311 4214 401 4274 ποίαν
408 4225 493 4290 χεῖρα
506 4219 657 4289 τέτρωται.
680 4221 706 4273 Δ
720 4223 777 4283 252,
790 4218 840 4273 ubi
851 4217 1045 4289 Agamemnon
1058 4217 1232 4272 vulneratur:
1249 4225 1346 4288 χεῖρα·

177 4307 232 4373 τὴν
249 4293 415 4374 αἷριστεράν,
433 4304 557 4375 καὶγὰρ
575 4299 607 4358 ἐν
623 4305 667 4375 τῷ
684 4298 830 4374 ἐπιταφίῳ
850 4293 1001 4359 ἀνίσταται
1018 4296 1121 4356 ἄκοντι
1139 4292 1348 4371 ἀγωνίσασθαι.

180 4388 212 4442 Μ
228 4393 287 4444 395.

1094 4471 1140 4524 14*
