3425 4934
310 345 334 396 4.
363 340 405 397 De
422 339 618 411 grammaticis,
639 340 687 411 qui
705 338 873 397 ἐνστατικοὶ
889 342 920 397 11
936 343 1050 399 λυτικοί
1067 342 1137 400 dicti
1153 347 1225 400 sunt
1290 353 1349 414 207

182 508 283 574 rende
307 508 437 595 quidem
462 531 541 575 esse.
585 509 739 575 Attamen
771 509 851 576 haec
880 532 947 576 non
972 532 1103 594 prorsus
1130 513 1352 599 neglexerunt,

183 616 211 681 si
237 638 302 701 qua
325 617 409 682 forte
434 617 476 682 ad
500 615 615 682 utilem
641 616 900 682 observationem
920 640 1031 683 ansam
1055 618 1255 704 praeberent.
1298 621 1351 688 Sic

183 723 271 807 quod
297 722 335 788 de
356 717 476 809 σελήνη
501 717 623 812 φαεινή
650 724 781 809 quidam
810 724 873 790 sibi
901 724 1048 810 ineptum
1075 727 1236 793 invenisse
1262 729 1352 795 vide·

182 829 312 910 bantur,
339 830 403 897 hoc
427 835 557 916 poterat
584 831 756 896 admonere
785 830 960 916 doctiores,
984 836 1022 898 ut
1047 834 1268 900 Aristarchum
1294 836 1352 903 ad·

181 938 316 1021 monuit,
337 943 374 1005 ut
388 939 427 1004 de
448 939 480 1004 vi
494 961 531 1004 ac
544 941 705 1024 potestate
720 938 937 1022 epithetorum
949 943 1179 1025 perpetuorum
1201 943 1351 1012 dicerent.

182 1044 237 1112 Sic
251 1068 331 1131 quas
344 1045 548 1112 Aristonicus
561 1047 597 1111 in
616 1045 746 1112 scholiis
765 1046 873 1132 tangit
893 1047 1107 1131 quaestiones,
1128 1071 1210 1134 quae
1231 1073 1351 1135 paucae

182 1157 272 1232 sunt,
301 1153 425 1220 autad
452 1155 623 1220 verborum
651 1157 829 1239 potestates
857 1153 1054 1220 definiendas
1079 1158 1226 1240 receptae
1253 1163 1352 1239 erant,

182 1264 220 1326 ut
241 1263 271 1323 Γ
289 1267 343 1340 65,
370 1261 427 1326 ubi
447 1262 517 1327 sine
539 1262 638 1328 dubio
660 1261 699 1328 de
720 1261 958 1348 significatione
979 1261 1128 1329 vocabuli
1149 1258 1352 1351 1111111111·

182 1371 299 1447 suerat,
320 1371 378 1433 aut
390 1368 431 1434 ad
449 1368 622 1435 lectionem
640 1368 872 1453 expediendam
885 1368 937 1435 vel
958 1369 1217 1452 confirmandam,
1241 1376 1270 1435 Γ
1281 1378 1351 1442 379.

183 1478 216 1537 K
229 1482 298 1553 447,
319 1479 376 1542 aut
388 1498 429 1541 ne
443 1480 595 1562 poterant
608 1476 739 1561 quidem
756 1476 790 1540 in
807 1477 1046 1543 commentariis
1066 1479 1242 1563 praeteriri,
1264 1481 1352 1565 quod

182 1581 395 1667 explicatione
409 1585 588 1650 necessario
604 1587 710 1670 egent,
731 1586 769 1647 ut
790 1583 830 1649 de
850 1605 945 1650 versu
966 1578 1161 1671 παρῴχηκεν
1183 1582 1220 1651 δὲ
1239 1582 1352 1652 πλέον

182 1686 242 1768 νὺξ
262 1692 329 1753 τῶν
354 1689 412 1756 δίο
437 1684 590 1776 μοιράων
617 1694 650 1754 K
669 1697 744 1771 252,
773 1695 807 1755 11
834 1691 873 1755 de
901 1690 1093 1777 Pylaemene
1115 1698 1150 1756 N
1168 1698 1242 1774 643,
1269 1717 1350 1780 quae

182 1801 259 1864 sunt
287 1798 417 1883 quidem
439 1798 657 1885 quaestiones,
683 1797 740 1864 sed
769 1818 883 1883 graves
911 1801 945 1864 et
969 1801 1166 1867 necessariae
1193 1822 1231 1866 ac
1250 1801 1349 1887 longe
1361 1808 1432 1878 (211)

181 1905 223 1970 ab
250 1905 321 1971 istis
347 1907 507 1993 argutulis
533 1906 760 1993 segregandae.
800 1904 883 1971 Item
911 1906 974 1973 alia
1003 1909 1160 1993 quaedam
1191 1911 1351 1974 attentum

180 2011 335 2079 lectorem
360 2014 430 2080 iure
456 2014 652 2081 offendentia
670 2013 722 2079 vel
743 2012 844 2078 semel
864 2014 1001 2080 excitata
1021 2015 1212 2101 pungentia,
1239 2020 1270 2078 Z
1288 2021 1415 2084 326110

181 2119 222 2185 cI
241 2126 311 2188 335.
332 2124 451 2190 Π116.
467 2127 537 2191 850.
557 2126 595 2186 Χ
605 2126 676 2191 208.
698 2125 729 2183 Ζ
743 2126 818 2198 2651
839 2161 879 2172 -
906 2125 937 2184 Φ
950 2126 1021 2190 343.
1056 2122 1239 2207 Aliquoties
1254 2124 1351 2189 etiam

181 2226 304 2313 aliquid
326 2230 499 2296 concedere
521 2229 669 2296 debuisse
690 2228 853 2294 communi
874 2227 982 2295 studio
1005 2228 1089 2296 inira
1110 2228 1286 2314 apparebit.

264 2448 285 2527 ἓ
307 2451 335 2511 4.
379 2443 520 2510 Primam
541 2444 709 2512 attulimus
731 2465 873 2520 causam,
895 2464 1040 2509 currem
1060 2465 1119 2528 per
1139 2466 1173 2509 se
1194 2445 1350 2526 inutilem,

183 2551 239 2616 sed
261 2552 389 2618 utilium
410 2553 670 2619 observationum
692 2573 787 2637 saepe
807 2550 1049 2635 indagatricem,
1070 2550 1236 2618 noluerint
1255 2553 1351 2639 plane

183 2681 222 2725 ex
241 2658 410 2724 hominum
424 2661 579 2726 memoria
593 2660 685 2726 elabi.
720 2658 785 2725 Sed
806 2657 1002 2724 efficaciores
1016 2661 1124 2724 tamen
1139 2658 1221 2726 aliae
1236 2682 1350 2727 causae

182 2771 275 2833 erant
288 2771 385 2852 atque
403 2767 521 2852 partim
542 2768 649 2835 decori
670 2789 707 2833 ac
728 2765 879 2851 dignitati
898 2764 1079 2831 litterarum
1096 2766 1207 2831 minus
1227 2788 1350 2832 accom-

181 2874 340 2943 modatae.
382 2875 575 2960 Accepimus
603 2876 638 2941 in
660 2873 876 2942 Alexandrino
898 2872 1011 2939 Museo
1042 2872 1178 2957 aliisque
1202 2872 1283 2939 locis
1310 2874 1351 2940 ad

181 2980 448 3067 philosophorum
467 2987 500 3049 et
520 2982 686 3050 rhetorum
706 3003 829 3047 morem
848 2978 1076 3067 grammaticos
1092 3001 1222 3064 quoque
1238 2981 1351 3047 ambu-

181 3086 287 3155 lantes
302 3089 451 3157 derebus
466 3091 533 3157 suis
548 3090 782 3175 disputationes
796 3087 984 3154 instituisse.
1021 3084 1137 3152 Strabo
1153 3085 1230 3152 XVI
1243 3110 1274 3172 p.
1290 3094 1350 3156 793

181 3198 246 3260 τῶν
265 3193 303 3262 δὲ
321 3192 503 3281 βασιλείων
522 3193 624 3281 μέρος
645 3191 714 3261 ἐστὶ
733 3193 849 3262 καὶτὸ
872 3195 1050 3271 Μουσεῖον,
1072 3185 1146 3272 ἕχον
1167 3189 1351 3279 περίπατον

182 3300 239 3368 καὶ
259 3299 402 3391 ἐξέδραν.
440 3302 585 3384 Quorum
610 3326 704 3371 usum
725 3302 982 3369 ambulacromm
1006 3323 1080 3366 cum
1100 3306 1266 3386 praeterea
1291 3325 1351 3369 no·

182 3415 252 3477 tum
272 3411 438 3490 habemus,
458 3416 528 3478 tum
550 3434 589 3478 ex
609 3410 758 3477 Vitruvio
773 3410 804 3477 V
821 3420 869 3490 11,
891 3412 930 3477 de
951 3410 1120 3496 palaestris
1141 3410 1267 3476 dicente
1288 3410 1351 3476 hoc

182 3520 293 3586 modo:
327 3521 568 3587 constituuntur
593 3521 701 3585 autem
730 3520 764 3583 in
791 3518 895 3585 tribus
920 3518 1099 3603 porticibus
1121 3519 1255 3585 exedrae
1276 3541 1350 3604 spa·

182 3626 299 3707 tiosae,
323 3628 358 3693 in
384 3629 502 3714 quibus
527 3625 726 3713 philosophi,
757 3625 903 3692 rhetores
931 3626 1126 3712 reliquique,
1154 3626 1210 3711 qni
1236 3626 1351 3691 studiis

183 3734 394 3815 delectantur,
420 3735 568 3801 sedentes
595 3734 757 3820 disputare
781 3734 917 3818 possint.
959 3733 1041 3800 Rem
1062 3734 1156 3799 docte
1177 3731 1352 3798 illustravit

182 3842 362 3910 Gronovius
384 3843 423 3909 de
444 3842 528 3909 Mus.
547 3842 641 3908 Alex.
663 3842 698 3907 in
719 3840 814 3908 Thes.
837 3839 935 3908 Gran.
957 3840 995 3906 Τ.
1016 3839 1095 3908 VIII
1115 3864 1146 3926 p.
1161 3846 1253 3907 2742.
1287 3839 1351 3935 Hic

180 3951 282 4038 igitur
302 3973 497 4036 quamquam
518 3951 552 4015 in
573 3953 702 4036 vegeta,
732 3971 797 4033 qua
821 3948 966 4035 plerique
987 3949 1175 4028 utebantur,
1196 3948 1351 4013 memoria

177 4057 417 4144 multiplicique
447 4058 592 4124 doctrina
617 4057 784 4141 aliquanto
816 4057 942 4123 doctius
968 4079 1065 4141 quam
1090 4055 1188 4122 hodie
1218 4055 1350 4121 evadere

178 4169 309 4252 poterat
334 4165 522 4251 disputatio,
551 4171 664 4251 atque,
689 4168 814 4229 utnon
834 4185 900 4228 uno
927 4164 999 4229 loco
1021 4167 1155 4248 apparet
1176 4184 1215 4228 ex
1236 4161 1351 4241 Gellio,

178 4297 212 4342 re
232 4296 308 4340 vera
322 4273 431 4353 evasit,
452 4277 490 4339 ut
509 4274 605 4340 nimis
627 4274 738 4358 inique
758 4271 798 4337 de
820 4270 883 4337 hoc
904 4293 1022 4358 genere
1045 4270 1220 4337 existimari
1240 4269 1351 4349 nolim,

179 4403 378 4469 quamquam
404 4381 442 4447 de
462 4382 559 4447 rebus
580 4381 621 4447 ad
641 4380 823 4446 universam
847 4378 1089 4465 grammaticam
1114 4376 1350 4462 pertinentibus
