3425 4934
527 347 549 399 l.
578 341 620 397 De
637 347 709 404 cere,
726 342 847 406 sethere,
867 339 993 412 Olympo.
1288 350 1347 412 163

709 597 750 674 (λ
778 599 807 675 Ι.

216 762 266 827 De
287 772 369 847 aere,
389 760 521 845 aethere,
546 762 687 850 Olympo,
709 778 738 830 et
759 763 915 851 φααειίσπι
935 763 1003 827 οίία
1024 762 1063 827 de
1082 761 1168 848 facee
1187 761 1307 826 muudi.

260 930 281 1013 ἕ
304 939 331 997 1.
374 928 464 1008 Ouse
492 929 544 995 his
570 930 770 1015 temporibus
795 931 879 996 coeli
897 934 1067 1014 terraeque
1087 926 1279 995 Homericae
1299 928 1348 994 in-

177 1037 390 1121 vestigatores
423 1037 686 1118 observeveruut,
720 1060 759 1104 ee
789 1037 929 1104 attendit
953 1035 1159 1103 Aristarchus
1185 1040 1219 1103 et
1247 1037 1349 1102 mults

178 1144 289 1210 eedem
310 1144 406 1230 plene
426 1146 551 1212 ratione
573 1146 784 1232 expediverat
824 1145 969 1211 Primum
991 1144 1030 1211 de
1049 1144 1240 1225 discrimine,
1261 1145 1349 1231 quod

177 1256 228 1317 est
240 1253 326 1318 inter
346 1244 497 1338 σύρανός,
511 1233 703 1339 Ὄλυμπος,
725 1246 841 1341 αἰθήρ,
863 1245 941 1340 eicie,
964 1253 1077 1319 eedem
1092 1253 1238 1320 docuisse
1258 1253 1348 1318 iuve-

177 1360 266 1425 nitur
286 1382 360 1428 cum
378 1360 506 1429 Vossio.
531 1353 615 1449 Ἀήρ
636 1367 740 1430 terroe
760 1361 926 1449 proximus
947 1361 1112 1446 usquead
1133 1362 1244 1443 nubes,
1266 1383 1348 1446 quse

176 1467 263 1534 ultre
283 1468 341 1535 hes
361 1471 451 1556 regio
472 1474 523 1537 est
542 1463 650 1558 αἰθήρ
672 1475 705 1538 et
725 1462 872 1554 οὐρανός.
912 1460 1061 1552 Ούρανός
1074 1468 1160 1535 enim
1179 1469 1349 1555 dupliciter

177 1577 340 1663 significet
364 1581 398 1644 et
424 1578 563 1646 solidum
584 1580 666 1646 coeli
688 1579 925 1645 firmamentum
947 1574 998 1662 (τὸ
1020 1571 1222 1664 στερέμνιον)
1245 1581 1278 1644 et
1298 1582 1347 1643 to·

176 1687 244 1750 tem
265 1686 361 1751 istem
382 1688 580 1773 superiorem
598 1688 766 1775 regionem
785 1688 807 1753 i.
830 1710 861 1773 q.
880 1679 995 1773 αίθηρ.
1033 1685 1120 1753 Hinc
1134 1685 1252 1771 quibus
1273 1706 1348 1751 coe·

176 1791 245 1858 lum
271 1793 362 1878 qussi
386 1793 497 1861 finitur
524 1800 557 1862 et
582 1795 741 1862 clauditur
767 1797 870 1863 nubes
896 1793 979 1862 coeli
1004 1798 1117 1880 portse
1137 1794 1287 1860 dicuutur
1308 1795 1350 1878 (Ε

177 1904 261 1985 749).
300 1899 365 1968 Sed
385 1901 426 1966 eb
448 1923 503 1985 eo,
535 1903 592 1988 qui
609 1909 725 1991 poetae
746 1904 863 1969 dicitur
884 1894 1044 1987 οὐρανός,
1069 1902 1212 1969 diversus
1234 1901 1347 1987 Olym·

175 2029 253 2093 pus,
282 2009 339 2093 qui
359 2031 419 2076 nec
442 2010 548 2095 ipsum
569 2011 696 2078 coelum
718 2015 768 2077 est
786 2033 847 2076 nec
868 2012 918 2093 (ut
937 2013 1008 2077 tum
1030 2009 1161 2095 quidum
1181 2013 1349 2096 putarunt)

177 2115 308 2200 quidem
333 2117 415 2182 coeli
440 2117 544 2198 locus,
571 2119 628 2187 sed
652 2141 747 2185 mone
767 2118 990 2185 Macedoniae:
1021 2140 1080 2185 uec
1105 2139 1249 2203 uuquam
1268 2117 1349 2183 hoec

176 2228 423 2294 commutentur.
467 2225 642 2293 Cacumina
664 2248 741 2294 vero
764 2226 893 2313 Olympi
919 2226 1106 2314 cogitentur
1133 2225 1235 2292 nubes
1255 2247 1348 2292 exce·

177 2330 265 2397 dere:
298 2332 373 2398 inde
399 2336 450 2398 est
476 2334 563 2419 quod
585 2334 742 2421 Olympus
764 2335 828 2401 dici
848 2334 954 2419 possit
973 2334 1008 2399 in
1030 2333 1121 2401 coelo
1142 2355 1222 2403 esse.
1263 2334 1348 2401 Eece

175 2438 370 2505 testimonis
411 2435 525 2510 5288
546 2434 594 2520 εἷς
620 2437 739 2529 έλύιην
766 2434 895 2525 ἀναβὰς
920 2440 1085 2528 (Somnus)
1113 2433 1346 2529 nupturientes,

174 2535 199 2631 ty*
218 2539 287 2611 τότ’
311 2542 346 2611 έν
359 2539 431 2635 Ἴδη
451 2544 641 2636 μακροτάτη
662 2551 813 2639 πεφυυῖα
835 2541 879 2616 δι’
901 2541 1003 2638 ἠέρος
1023 2542 1134 2634 αἰθέρ’
1161 2547 1290 2616 lucrer.-
1314 2543 1347 2638 (ἡ

175 2650 293 2741 διπλῆ)
314 2649 369 2721 ὅτι
389 2647 470 2720 καθ’
485 2652 634 2746 Ὅμηρον
655 2650 762 2745 όὴρὸ
791 2650 862 2724 ἀπὸ
890 2659 952 2743 γῆς
973 2652 1071 2743 μέχρι
1094 2660 1205 2744 νεφῶν
1228 2650 1348 2734 τόπος·

174 2753 195 2826 ό
217 2756 255 2825 δέ
274 2755 357 2849 ὑπέρ
377 2759 421 2828 τὰ
442 2759 526 2852 νέφη
546 2758 653 2844 τόπος
678 2758 786 2852 αἰθὴρ
806 2762 864 2831 καί
889 2759 1073 2849 ὁμωνύμως
1098 2769 1146 2852 τῷ
1170 2758 1348 2851 στερεμνίῳ

174 2860 325 2952 σύρανός.
373 2867 429 2937 διὸ
456 2869 498 2937 τὰ
530 2869 614 2962 νέφη
640 2869 730 2960 λέγει
758 2865 870 2949 πύλας
899 2865 1050 2957 ούρανοῦ.
1095 2875 1127 2938 Β
1154 2879 1216 2942 458
1249 2865 1349 2959 αἴγλη

173 2972 412 3065 παμφανόωσα
431 2972 474 3045 de'
496 2973 637 3066 αίλέρος
652 2978 795 3067 σύρανὸν
809 2969 897 3047 ἷκενι
919 2976 972 3049 ὅτι
990 2973 1076 3047 καθ’
1084 2975 1234 3068 Ὅμηρον
1253 2982 1349 3065 πρῶ-

172 3107 230 3164 τος
250 3078 320 3154 ἀπὸ
341 3089 403 3174 γῆς
423 3081 551 3156 έστινὸ
574 3081 655 3176 όήρ,
685 3078 756 3155 εἶτα
776 3088 861 3174 μετὰ
886 3087 929 3156 τὰ
959 3085 1042 3179 νέφη
1072 3081 1196 3176 αἰθήρ,
1226 3078 1265 3156 tv
1291 3086 1349 3155 καί

173 3187 356 3277 ὁμωνύμως
375 3201 422 3283 τῷ
441 3192 617 3283 στερεμνίῳ
645 3190 786 3284 ούρανὸν
807 3197 913 3264 καλεῖ.
942 3234 983 3247 -
1012 3199 1042 3262 Ε
1069 3203 1130 3266 749
1161 3189 1349 3280 αύτόμαται

175 3297 212 3365 δέ
231 3295 339 3367 πύλαι
357 3299 464 3386 μύκον
485 3298 638 3389 ούρανοῦ,
662 3294 702 3384 λίς
722 3299 797 3388 ἔχον
813 3294 923 3391 Ὧραι,
947 3307 1006 3396 τῇς
1026 3300 1267 3393 ἐπιτέτραπται
1286 3301 1349 3389 μέ-

174 3429 234 3493 γας
253 3401 393 3494 οὐρανὸς
417 3403 598 3493 Ούλυμπός
617 3435 667 3492 τε,
690 3405 774 3501 ἠμέν
795 3407 972 3480 ἀνακλῖναι
992 3411 1133 3480 πυκινὸν
1159 3408 1262 3502 νέφος
1287 3406 1346 3502 r'yd'

174 3513 364 3584 έπιθεῖναιτ
385 3513 418 3606 (ἡ
441 3519 561 3608 διπλῆ)
581 3516 632 3588 ότι
656 3516 763 3587 πύλαι
784 3516 926 3607 ούρανοῦ
944 3520 987 3588 τὰ
1009 3518 1106 3612 νέφη·
1139 3516 1159 3587 ό
1180 3519 1243 3606 γὰρ
1263 3515 1347 3605 ὑπέρ

172 3627 279 3696 ταῦτα
296 3623 401 3705 τόπος
421 3623 602 3712 ὁμωνύμως
621 3632 668 3715 τῷ
688 3625 867 3718 στερεμνίῳ
889 3623 1205 3716 ούρανὸςκαλεῑται.
1242 3631 1346 3699 9393

173 3734 208 3799 in
228 3735 342 3801 iisdem
362 3737 507 3804 versibus
529 3738 640 3804 eedem
662 3738 860 3807 observatio:
885 3733 920 3826 (ἡ
943 3735 1062 3826 διπλῆ)
1084 3732 1139 3804 ὅτι
1157 3732 1269 3816 πύλας
1289 3731 1348 3803 ού-

174 3845 276 3924 ρανοῦ
295 3841 337 3908 τὰ
358 3839 441 3932 νέφη
458 3837 676 3912 ὑποτίθεται·
695 3843 755 3913 τὸν
772 3845 835 3932 γὰρ
856 3840 940 3933 ὑπὲρ
961 3843 1003 3910 τὰ
1023 3841 1107 3935 νέφη
1127 3840 1235 3912 τόπον
1255 3839 1347 3930 ὁμω-

174 3943 283 4035 νόμως
295 3953 344 4039 τῷ
357 3946 534 4039 στερεμνίῳ
550 3945 691 4040 ούρανὸν
706 3952 811 4023 καλεῖ.
846 3951 924 4039 πρό
930 3976 948 4033 ς
966 3950 1014 4021 τὰ
1030 3951 1125 4039 περί
1136 3945 1346 4038 Ὀλύμπου.

173 4057 256 4126 Iuno
284 4065 458 4147 postquem
491 4084 564 4127 cnm
597 4062 743 4130 Minerva
776 4085 871 4130 curru
905 4063 1060 4129 invehens
1095 4062 1221 4129 coelum
1247 4066 1346 4148 etque

174 4172 318 4234 extreme
339 4168 467 4255 Olympi
488 4170 630 4237 culmine
649 4172 684 4237 in
706 4170 833 4237 coelum
853 4174 1002 4257 porrecte
1018 4170 1207 4255 reliqueret,
1229 4170 1346 4236 dicitur

173 4274 284 4343 Iovem
318 4278 497 4363 repperisse
526 4278 691 4346 sedentem
726 4272 909 4367 „dupocdep
940 4278 1071 4366 κορυφῇ
1100 4272 1345 4362 πολυδειράδος

178 4379 412 4467 Ούλίμπσιοίί.
453 4385 525 4453 Hoc
551 4389 594 4470 (Ε
619 4389 706 4470 754),
735 4387 823 4473 quod
855 4386 896 4453 eb
923 4386 981 4452 illo
1008 4386 1186 4472 discrepare
1210 4386 1345 4466 videtur,

1084 4487 1135 4540 ιι*

1358 568 1430 639 (ιιι)

1366 649 1414 699 ιιι

1357 3642 1429 3714 oe)

1362 4188 1410 4241 165
