3425 4934
319 328 342 378 3.
366 317 472 395 ἔρρειν.
494 328 567 395 xvv}
584 330 664 396 γαῖα.
686 328 750 397 αῆρ.
774 320 936 383 ποιπνάειν.
962 321 1047 397 ἕλωρ.
1072 327 1225 396 δουπῆσαι.
1300 332 1357 395 103

709 639 831 728 Ἕλωρ

537 819 600 860 non
621 809 667 860 cat
688 796 786 880 cibas,
807 794 866 859 aad
880 795 1004 881 rapina

267 958 456 1045 Explicatur
477 954 624 1041 έλκυσμα
647 962 689 1042 (P
708 968 776 1028 151,
810 963 840 1023 Σ
857 964 911 1044 93)
938 965 971 1026 ct
993 956 1095 1041 έλεμσι
1116 962 1158 1042 (Ρ
1176 962 1258 1041 667).
1294 959 1358 1024 Pro

187 1066 258 1131 cibo
280 1072 469 1153 acceperant
488 1067 725 1155 glossographi.

654 1238 885 1247 ——-

669 1444 881 1530 Δουπῆσαι

186 1616 246 1657 που
267 1592 308 1657 dc
330 1616 515 1679 quacunque
535 1606 633 1659 morta
655 1592 780 1676 conr,
801 1593 860 1658 aad
878 1592 917 1658 dc
937 1618 991 1674 aa,
1013 1617 1094 1678 φυοο
1104 1593 1149 1673 fit
1170 1590 1309 1656 cadendo
1330 1604 1359 1655 τι

427 1708 431 1717 ’
652 1726 723 1766 cnm
742 1703 885 1787 strepitu.

268 1868 307 1928 Π
329 1870 391 1934 822
427 1857 593 1953 δοόπῆσεν
622 1862 658 1931 δὲ
685 1860 812 1932 πεσών·
853 1861 905 1932 ὅτι
935 1863 973 1931 ἐκ
999 1868 1063 1929 τῶν
1089 1863 1245 1929 τοιοέτων
1274 1857 1360 1927 ἀπε-

188 1968 382 2051 δέξαντοῦλλ
399 1966 432 2037 οἳ
446 1969 705 2061 γλωσσογράφοι
718 1971 757 2040 τὸ
773 1973 942 2062 δουπῆσαι
956 1967 993 2039 ἓν
1014 1964 1090 2036 ἀνθ’
1114 1966 1187 2048 ἑνὸς
1208 1963 1281 2036 ἀντὶ
1301 1972 1361 2035 τοῦ

187 2073 386 2149 ἀποθανεῖν.
423 2072 582 2164 ἀγνοοῦσι
613 2078 650 2146 δέ
677 2076 730 2146 ότι
756 2074 816 2146 οάκ
844 2078 902 2146 ἐπὶ
924 2076 1051 2157 παντὸς
1072 2073 1224 2144 θανάτου
1246 2069 1361 2143 τάσσει

186 2186 244 2276 τῆν
265 2183 369 2267 λέξιν,
395 2181 467 2251 ἀλλ)
492 2184 635 2253 ἐπὶτῶν
657 2185 692 2255 έν
712 2185 853 2277 πολέμῳ
875 2183 1067 2255 πιπτόντων
1089 2184 1146 2251 διὰ
1168 2184 1228 2252 τὸν
1249 2208 1360 2269 παρα-

187 2293 419 2362 κολουθοῦντα
441 2287 561 2384 ψόφον
586 2294 624 2362 ἐκ
648 2301 715 2362 τῶν
741 2292 864 2365 ὅπλων.
906 2301 942 2361 Ν
960 2304 1022 2366 426
1049 2288 1233 2378 Ἰδομενεὺς
1261 2288 1292 2357 δ’
1322 2286 1360 2357 οὐ

188 2403 264 2491 λῆγε
287 2399 389 2486 μένος
411 2399 514 2488 μέγα,
540 2403 608 2471 ἵετο
636 2399 667 2471 δ’
693 2400 761 2471 αἰεὶ
786 2399 827 2496 ῆέ
850 2428 925 2470 τινα
950 2399 1073 2487 Τρώων
1099 2400 1250 2492 ἐρεβεννῇ
1272 2397 1362 2466 νυκτὶ

187 2503 382 2600 calidonii
400 2504 501 2589 αι’τὸς
515 2510 686 2599 δουπῆσαι
701 2507 834 2596 ἀμύνων
850 2510 966 2597 λοιγὸν
977 2504 1175 2593 zizaniam.-
1196 2504 1229 2598 (ῆ
1245 2507 1362 2594 διπλῆ)

187 2615 238 2683 ὅτι
252 2615 290 2684 ἐκ
309 2615 548 2704 παρεπομένου
568 2618 607 2687 τὸ
630 2614 841 2688 ἀπολέσθαι·
865 2614 897 2688 οἱ
918 2619 980 2707 γὰρ
1003 2616 1037 2685 ἐν
1059 2615 1198 2704 πολέμῳ
1220 2609 1362 2680 πίπτον-

186 2750 237 2804 τες
266 2722 383 2815 ψόφον
410 2722 612 2794 ἀποτελοῦσι
637 2731 708 2806 τοῖς
729 2725 859 2806 ὅπλοις.
899 2721 919 2817 ῆ
943 2725 980 2793 δέ
1002 2721 1157 2816 ἀναφορὰ
1179 2722 1266 2809 πρὸς
1285 2720 1363 2799 τοὺς

186 2829 478 2924 γλωσσογράφους·
504 2825 597 2902 οὗτοι
621 2834 682 2919 γὰρ
706 2831 767 2920 (ἓν)
789 2829 866 2900 ἀνθ’
890 2831 961 2913 ἑνὸς
983 2831 1136 2914 ἐδέξαντο
1159 2823 1363 2909 δεδουπότος

186 2936 257 3009 ἀντὶ
277 2947 337 3009 τοῦ
356 2936 568 3029 τεθνηκότος.
608 2944 728 3011 Tendit
749 2945 791 3010 ad
816 2946 849 3006 Ψ
869 2950 944 3012 679:

349 3043 521 3134 Εὐρύαλος
542 3047 581 3117 δέ
602 3045 634 3117 οἳ
657 3041 730 3129 σλος
751 3044 918 3129 ἀνόπαια,
942 3044 1081 3127 ἰσόθεος
1102 3039 1186 3135 φιός,

351 3154 544 3246 Μηκιστέος
564 3153 645 3238 οἶός,
674 3154 903 3225 Ταλαϊονίδαο
926 3148 1078 3236 άνακτος,

351 3261 388 3343 ὅς
408 3288 491 3331 ποτε
518 3259 671 3353 Θῆβασδ’
695 3258 784 3357 ῆλδε
806 3259 1011 3344 δεδουπότος
1038 3256 1229 3332 Οἰδιπόδαο

354 3369 389 3451 ές
408 3369 518 3462 τάφον
541 3413 593 3442 -.

187 3481 308 3548 Totum
334 3481 513 3549 adscribam
535 3483 694 3565 scholion,
721 3483 809 3568 quod
834 3483 934 3549 habet
953 3483 1156 3549 luculentum
1177 3480 1360 3565 exemplum
1372 3485 1443 3554 (111)

186 3589 410 3675 explicationis
437 3592 675 3658 Aristarcheae:
709 3585 742 3680 (ἡ
765 3588 882 3675 διπλῆ)
909 3584 963 3654 ὅτι
990 3585 1049 3654 ε’πὶ
1073 3591 1133 3654 τοῦ
1160 3583 1362 3675 Μηκιστέως

187 3688 367 3764 ἀκουστέον
393 3694 457 3776 ,,δς
482 3721 566 3765 ποτε
598 3693 713 3786 Θήβας
737 3687 887 3785 ῆλθενίῑ,
924 3689 983 3762 oda
1014 3692 1071 3761 ε’πὶ
1095 3697 1153 3760 τοῦ
1179 3688 1359 3777 Εάρυάλου,

186 3796 232 3881 ὦς
253 3799 272 3870 ό
294 3799 435 3892 Κράτης.
478 3804 551 3874 Ηοο
577 3809 685 3887 (nemo
708 3828 783 3873 vcro
806 3806 977 3890 dubitabit)
1004 3828 1070 3871 non
1097 3807 1223 3870 tantum
1250 3826 1288 3870 eo
1310 3804 1427 3870 ni·1o4

252 4044 298 4085 ⁵⁸1³
317 4040 426 4110 <Codex
445 4031 657 4107 ἀπεκδέξαυτο;
676 4058 701 4094 v.
719 4057 803 4109 supra
820 4059 848 4111 p.
865 4046 898 4096 97
917 4042 975 4096 not
994 4046 1054 4096 51⁸.
1085 4038 1191 4093 Tamen
1210 4037 1245 4091 dc
1263 4036 1362 4091 Cobati

187 4126 349 4182 coniectura
360 4124 594 4197 παρεξεδέξαντο
613 4123 711 4180 dubito
728 4127 844 4194 propter
862 4117 1026 4193 ἀπεκδοχήν
1042 4121 1187 4178 Nicanoris
1201 4122 1228 4177 Ξ
1238 4126 1294 4185 500,
1312 4119 1361 4174 ubi

187 4209 251 4266 vide
268 4209 532 4278 Fricdlacndcrum,
554 4214 583 4265 et
601 4212 717 4280 propter
735 4200 947 4279 ἀπεκδέχονται
964 4227 983 4263 a
999 4206 1111 4263 Lchrsio
1129 4222 1215 4275 snpra
1231 4223 1259 4275 p.
1277 4209 1310 4260 82
1328 4222 1361 4261 cx

187 4295 273 4353 Suida
289 4294 418 4352 anatum.
446 4293 607 4349 Potavenim
624 4290 814 4349 Aristonicum
832 4286 1047 4360 ἀπεξεδέξαιτο
1065 4289 1227 4362 οοάριίιιοε.)

251 4382 279 4425 ⁶⁴
313 4380 400 4436 Voss:
421 4378 464 4435 Ob
482 4396 512 4434 er
528 4377 601 4435 anch
618 4378 704 4434 solbat
721 4375 889 4434 hinhachte
906 4408 952 4436 -.
