3425 4934
644 329 667 380 3.
690 327 786 391 σῶμα.
806 325 878 390 δαίς.
1300 332 1339 396 87

176 488 280 574 δέμας
298 499 360 556 το“
381 490 419 577 <o
437 491 524 577 251>
554 487 593 565 τὸ
622 487 659 557 os
680 483 912 578 ἇποβεβλῃκὸς
930 489 990 581 τὴν
1010 491 1118 583 ψυχὴν
1139 487 1236 561 οὐδὲν
1257 488 1340 560 άλλο

175 591 198 689 ἢ
216 602 312 682 σῶμα
333 596 437 676 καλεῖ,
461 590 508 676 ῶς
527 594 562 663 a
581 590 726 675 τούτοις·
756 601 879 693 ,μῶμος
901 596 937 665 δὲ
959 593 1070 666 οἴκαδ’
1099 595 1181 684 δμδν
1201 596 1341 683 δόμεναι

176 701 305 772 πάλιν(ι
335 703 392 772 καί
421 697 569 789 ,,σῶματ’
605 698 732 791 ἀκηδέα
761 709 870 771 κεῖται
895 704 943 772 ἐνί
970 700 1131 792 μεγάροις
1153 701 1340 795 Ὀδοσῆος“

177 816 219 901 <so
236 815 311 900 187>
329 810 386 878 καί
399 815 520 894 ,μῶμα
541 808 603 897 γὰρ
618 808 653 877 ἐν
666 807 793 898 Κίρκης
811 806 947 901 μεγάρῳ
968 809 1206 899 κατελείπομεν
1220 808 1341 905 ἡμεῖς(

177 920 212 1008 <λ
225 921 290 1007 53).
329 920 420 988 Idem
434 942 458 988 o.
472 924 531 990 128
549 915 653 997 οὕτως
674 909 733 986 σάν
752 916 809 986 καί
822 916 970 1007 Ὅμηρος
990 914 1140 1004 οὐδαμοῦ
1158 924 1219 1010 τῆς
1238 915 1341 1011 ποιή-

176 1049 257 1106 σεως
270 1020 486 1117 εὑρεθήσεται
498 1029 596 1111 σῶμα
612 1024 673 1114 τὴν
685 1024 795 1117 ψοχίγν
815 1027 936 1114 καλῶν,
958 1020 1044 1093 ἀλλὰ
1068 1026 1106 1097 τὸ
1128 1025 1340 1117 ἐστερημένον

177 1138 283 1224 ψυχῆς
308 1127 363 1201 sici
385 1129 491 1220 τούτῳ
517 1137 565 1221 τῶ
589 1126 730 1217 ὀνόματι
752 1135 1002 1220 προσαγορεύει.
1047 1161 1076 1204 v.
1098 1136 1198 1204 schot
1218 1140 1258 1202 A
1281 1145 1338 1205 115

177 1244 275 1328 (quod
288 1243 460 1331 Porphyrii
481 1245 550 1327 est).
585 1246 616 1306 Γ
630 1247 680 1311 23.
714 1242 764 1309 De
786 1266 850 1329 quo
872 1244 946 1310 loco
966 1267 1062 1311 nemo
1084 1245 1207 1311 subacti
1228 1244 1338 1310 iudicii

177 1351 343 1433 dubitabit,
364 1356 399 1417 at
412 1351 568 1439 quosdam
585 1350 811 1436 grammaticos
823 1350 967 1418 haesisse
980 1351 1171 1418 Eustathius
1186 1351 1340 1428 ostendis

177 1483 196 1525 s
214 1481 278 1545 quo
299 1464 410 1525 tamen
429 1459 500 1544 ipso
523 1458 600 1543 quid
621 1479 732 1524 verum
751 1458 794 1523 sit
814 1460 882 1543 peti
903 1463 1021 1545 potest

709 1803 809 1882 Λαίς
1289 1821 1296 1833 ’
1355 1814 1387 1864 87

312 1962 374 2004 πονι
395 1938 512 2003 dicim
532 1937 571 2003 de
591 1938 706 2012 θεατῶν,
727 1936 785 2001 scd
803 1937 868 2002 εοίο
889 1936 928 2001 δα
949 1937 1016 2001 cibo
1035 1937 1200 2002 torminum.

256 2087 349 2155 Unde
371 2090 482 2152 contra
503 2085 703 2152 Zenodotum
725 2084 897 2151 diiudicata
916 2084 1012 2151 lectio
1033 2082 1070 2151 Il.
1090 2090 1129 2150 A
1150 2093 1169 2153 5
1191 2078 1341 2153 οἰωνοῖσί

175 2218 211 2261 τε
228 2197 325 2261 πᾶοιε
351 2194 407 2259 ille
434 2193 566 2280 legebat
593 2185 743 2257 οἰωνοῖσί
766 2215 802 2257 τε
824 2190 931 2260 δαῖτα.
975 2192 1025 2257 Ex
1050 2192 1182 2258 scholiis
1209 2195 1339 2261 excidit:

176 2305 272 2371 tradit
284 2303 480 2380 Athenaeus,
501 2302 541 2367 de
555 2321 614 2365 suo
635 2320 763 2366 oausam
785 2300 915 2379 addens,
934 2298 995 2385 Ip.
1014 2306 1076 2367 120.
1108 2293 1196 2378 Δαίς
1216 2302 1336 2368 dictum
1348 2313 1402 2384 (oo)

177 2433 278 2478 essea
298 2403 458 2474 δαίεσθαι
479 2408 566 2493 quod
587 2430 607 2472 a
626 2406 694 2473 fera
712 2407 887 2491 rapacitate
909 2406 949 2471 ad
969 2407 1195 2473 modestiorem
1217 2408 1339 2476 cultum

175 2518 337 2605 progressi
357 2516 504 2582 homines
525 2515 558 2579 in
581 2513 685 2598 epulis
705 2512 841 2598 aequam
863 2513 978 2598 cuique
999 2514 1183 2600 portionem
1196 2538 1339 2601 appone-

175 2629 259 2705 rent,
285 2625 371 2691 unde
393 2619 467 2700 δαίς
493 2617 575 2708 δίση.
612 2616 670 2685 καὶ
695 2615 752 2686 ἐπί
770 2614 883 2703 μόνοιν
904 2611 1096 2704 ἀνθρώπων
1118 2619 1234 2699 δαῖτας
1249 2617 1340 2707 λέγει

175 2723 363 2818 ὁποιῃτής,
385 2725 443 2795 ἐπί
464 2724 501 2794 δδ
519 2720 648 2815 θηρίων
669 2719 789 2793 οὐκέτι.
820 2719 950 2811 ἀγνοῶν
964 2724 1002 2792 δὲ
1014 2722 1134 2817 ταύτης
1145 2730 1205 2815 τῆς
1226 2733 1340 2818 φωνῆς

174 2837 234 2925 τὴν
255 2836 394 2919 δύναμιν
413 2830 601 2925 Ζηνόδοτος
622 2830 656 2900 δν
676 2837 717 2925 τῇ
737 2826 807 2899 κατ’
831 2827 933 2900 αὐτὸν
951 2828 1082 2903 ἐκδόσει
1103 2833 1223 2925 γράφει

382 2936 501 3021 αὐτοὺς
521 2939 558 3008 δὲ
576 2933 699 3025 ἑλῶρια
718 2945 811 3022 τεῦχε
831 2936 980 3008 κύνεσσιν

257 3046 406 3118 οίωνοῖσί
425 3073 461 3117 τε
483 3049 589 3133 δαῖτα,
1129 3136 1131 3141 Ι

176 3158 233 3249 τὴν
259 3163 325 3225 τῶν
353 3163 466 3245 γυπῶν
493 3155 637 3224 καὶτῶν
666 3150 777 3223 άλλων
803 3150 930 3224 οίοννῶν
954 3154 1082 3247 τροφὴν
1108 3152 1193 3223 οὕτω
1219 3157 1338 3236 καλῶν,

176 3263 278 3349 μόνου
299 3259 483 3348 άνθρῶποο
506 3266 691 3350 χωροῦντος
709 3263 748 3330 τὸ
770 3257 844 3332 ἴσον
866 3261 903 3330 ἐκ
922 3268 981 3353 τῆς
999 3259 1152 3350 πρόσθεν
1170 3259 1257 3348 βίας.
1299 3264 1338 3331 V.

178 3381 338 3462 practerea
357 3374 450 3441 Eust.
470 3373 503 3443 h.
523 3374 542 3439 L
565 3377 598 3439 et
617 3372 704 3441 suia
725 3396 750 3438 s.
773 3367 879 3460 δαίτῃ.

256 3483 402 3569 Heym'us
422 3481 661 3562 „contrarium“‚
681 3482 796 3567 inquit,
817 3482 931 3563 „docet
950 3481 1042 3547 locus
1063 3478 1097 3546 Ih
1120 3479 1151 3542 Ω
1174 3484 1232 3548 43“

764 3584 850 3654 λέων
872 3581 903 3652 δ’
928 3581 974 3665 ῶς
994 3580 1094 3671 άγρια
1111 3575 1211 3669 οἶδεν,

341 3689 407 3763 ὅσι’
432 3692 506 3761 ἐπεὶ
527 3688 569 3779 δίρ
589 3686 716 3782 μεγάλῃ
736 3716 773 3761 τε
792 3689 849 3783 βίῃ
870 3692 928 3760 καί
946 3688 1081 3782 ἀγήνορι
1102 3695 1202 3778 θυμῷ

340 3798 431 3885 ε’ίξας
447 3792 506 3869 είδ
529 3797 587 3867 δπί
606 3801 695 3892 μῆλα
715 3805 853 3888 βροτῶν,
871 3803 925 3867 ἵνα
948 3801 1045 3867 δαῖτα
1067 3795 1215 3888 λάβῃσιν.

178 3912 254 3992 Quis
274 3912 372 3999 paulo
394 3911 549 3979 attentior
570 3933 636 3977 non
657 3911 767 3976 statim
786 3910 957 3996 intelligit,
980 3907 1201 3975 Aristarchum
1222 3907 1339 3994 legisse

339 4010 398 4086 αλδ
422 4016 480 4086 ἐπὶ
498 4022 545 4102 με’
547 4018 599 4097 λα,
621 4021 750 4103 βροτῶν
771 4016 826 4082 ἵνα
847 4015 945 4082 δαῖτα
966 4009 1168 4103 λάβῃσινάθ·

240 4205 285 4247 ⁵⁰·
302 4202 346 4273 <Si
358 4220 388 4258 re
399 4219 467 4258 vera
477 4201 652 4257 Aristarchus
668 4200 722 4255 hoc
740 4198 822 4254 modo
840 4198 927 4253 verba
943 4195 1078 4258 distinxit.
1096 4198 1170 4250 certe
1187 4212 1243 4250 non
1261 4197 1337 4249 recte

174 4286 251 4343 fecit:
265 4288 342 4359 quod
352 4286 478 4357 pluribus
489 4284 691 4343 demonstravit
699 4283 877 4342 Max.Hecht
887 4285 992 4351 quaest.
1000 4278 1254 4354 Homfflcgimont
1262 4282 1339 4349 1002)

172 4390 198 4443 r·
218 4378 248 4428 ¹⁶
267 4374 323 4442 ⁸u>
