3425 4934
375 320 437 384 350
674 311 704 367 V.
726 310 768 367 Do
786 311 891 371 criticis
908 312 1062 371 Atiatsrchi
1078 311 1242 371 rationibus.

374 480 540 565 scriptoris
558 479 631 546 loco
652 481 819 546 inventum
839 476 1049 567 μεσοπέρδην
1071 486 1163 548 erant
1185 482 1241 566 qui
1262 479 1343 546 nihil
1363 479 1426 545 nisi
1445 499 1546 560 μεσο-

374 585 499 675 φέρδην
525 611 565 655 ox
590 591 698 654 vetera
722 588 904 655 litteratura
930 611 1000 656 asse
1030 593 1195 674 putarent,
1219 588 1370 673 Hesych‚
1399 586 1546 665 Photius‚

374 694 458 779 apud
473 717 570 779 quem
585 700 634 761 est
654 688 726 760 ἀντὶ
747 698 807 762 τοῦ
827 691 1040 784 μεσοφόρόην
1059 690 1290 782 μεμενηκότων
1310 698 1375 760 τῶν
1397 686 1545 780 ἀρχαίων

371 795 595 889 χαρακτήρων.
630 802 690 870 Oui
704 826 745 870 an
762 807 850 870 recto
866 804 1044 889 comparari
1058 805 1163 889 possit
1177 803 1265 890 quod
1278 802 1429 869 Euatath.
1443 800 1544 868 habet

371 931 402 994 p.
427 914 518 989 1687,
540 916 581 979 52
605 908 663 978 τὸν
689 906 851 1000 ἀφιάλτην
873 906 1035 997 ἐπιάλτην
1054 909 1139 976 κατὰ
1160 907 1314 975 παλαιὰν
1335 907 1546 996 παραοημεί-

371 1036 453 1081 ωσιν
476 1012 495 1084 ὁ
515 1010 672 1096 Ἀλκαῖος
692 1013 784 1103 λέγει
804 1019 949 1104 disputat
971 1018 1065 1086 Gisse
1087 1019 1127 1086 de
1149 1020 1223 1087 diat
1244 1018 1336 1087 Aeol.
1358 1041 1388 1104 p.
1410 1022 1482 1087 349.
1503 1053 1546 1065 -

370 1123 479 1192 Schol.
501 1125 612 1212 Eurip.
626 1125 748 1194 Phoen
762 1131 824 1196 682
838 1125 911 1193 Hna
926 1122 984 1192 σοί
1003 1149 1055 1192 νιν
1076 1121 1208 1212 ἔκγονοι
1229 1121 1357 1192 κτίσανε
1378 1120 1545 1212 γράφεται

370 1236 419 1319 σῷ
433 1256 485 1299 νιν
505 1228 629 1320 ίκγόνην
652 1228 776 1320 κτίσαν,
795 1226 835 1300 ἵν)
859 1225 942 1323 ᾗτηῖ
964 1227 1089 1322 ἐκγόνῳ
1110 1255 1171 1302 σου
1192 1237 1240 1321 τῷ
1255 1228 1385 1321 Κάόμην
1407 1226 1443 1298 αἱ
1463 1229 1546 1297 θεαὶ

371 1333 504 1405 ἔκτισαν
528 1338 589 1419 τὰς
619 1337 744 1430 Θήβας.
791 1344 905 1427 γέγονε
932 1337 969 1408 δὲ
999 1340 1077 1429 περὶ
1102 1340 1163 1430 τήν
1192 1339 1324 1431 γραφήν
1350 1333 1544 1429 ἁμάρτημα·

372 1442 424 1513 ἐπ’
444 1442 601 1535 ἀρχοντος
618 1447 681 1534 γὰρ
693 1443 877 1538 Ἀθήνῃσιν
890 1444 1067 1517 Εὐκλείδου
1080 1445 1186 1538 μήπω
1205 1453 1271 1515 τῶν
1290 1452 1427 1535 μακρῶν
1449 1446 1545 1534 εὑρη-

370 1553 477 1638 μένων
492 1558 576 1642 (sict)
596 1561 669 1636 τοῖς
686 1554 842 1645 βραχέσιν
865 1552 938 1624 ἀντὶ
953 1561 1091 1645 μακρῶν
1112 1555 1264 1643 ἐχρῶντο,
1288 1560 1335 1644 τῷ
1356 1580 1372 1623 ε
1394 1548 1467 1621 ἀντὶ
1486 1557 1546 1621 τοῦ

370 1684 391 1750 η
412 1660 470 1730 καὶ
493 1668 540 1751 τῷ
565 1688 584 1731 ο
610 1658 683 1732 ἀντὶ
707 1668 768 1732 τοῦ
788 1690 825 1733 ω.
866 1661 1014 1754 ἔγραφον
1042 1657 1101 1733 οὖν
1125 1664 1164 1734 τὸ
1187 1662 1284 1755 δήμῳ
1307 1688 1325 1732 o
1345 1662 1430 1749 μετὰ
1450 1667 1509 1731 τοῦ
1531 1687 1545 1728 ι

306 1787 355 1840 cto
374 1767 487 1859 όήμσι.
529 1771 574 1861 μή
603 1767 781 1860 νοήσαντες
807 1770 846 1840 δὲ
876 1774 934 1841 καὶ
959 1772 1107 1842 ἐνταῦθα
1133 1771 1187 1842 ὅτι
1213 1771 1298 1839 κατὰ
1320 1770 1378 1860 τῆν
1403 1765 1545 1857 ἀρχαίαν

371 1879 503 1969 γραφὴν
527 1871 571 1967 ήν
597 1878 731 1947 καίόεῖ
749 1886 977 1971 μετατεθῆναι
998 1881 1036 1951 τὸ
1060 1906 1079 1949 ο
1101 1876 1149 1961 είς
1168 1880 1206 1948 τὸ
1228 1905 1256 1946 ω
1274 1877 1362 1965 μέγα
1383 1877 1544 1965 ἐτάραξαν

369 1985 407 2054 τὸ
430 1980 557 2076 νοητόν.
584 2025 624 2036 -
649 1989 758 2058 Schol.
779 1990 865 2060 Vict.
881 1996 918 2056 H
938 1997 1013 2074 238,
1040 1992 1230 2076 ceteroquin
1255 1990 1384 2057 solitam
1413 1988 1545 2074 qnidam

370 2097 587 2184 ignorantiam
614 2098 768 2184 prodens,
798 2100 838 2167 de
860 2103 941 2183 βοῦν
966 2104 1000 2167 ot
1026 2103 1110 2184 βῶνε
1143 2095 1179 2165 o
1198 2101 1270 2175 τοῖς
1289 2096 1452 2175 παλαιοῖς
1470 2092 1544 2181 ἀγέ-

370 2226 498 2290 γραπτο
513 2208 584 2288 βον,
602 2201 685 2290 ὅπερ
700 2199 760 2273 οὐκ
775 2202 914 2294 ἐνόησαν
930 2203 962 2274 οὶ
977 2201 1175 2294 ὀιορθιοταί.
1194 2205 1301 2274 Schol.
1317 2229 1339 2270 α
1354 2196 1543 2274 52’Άτλαν·

369 2335 427 2391 τος
453 2304 602 2401 θυγάτηρ
625 2307 846 2405 όλοόφρονοςε
867 2369 874 2382 .
895 2368 928 2387 ,.
951 2309 975 2404 ἢ
995 2313 1178 2403 ἐγέγραπτο
1204 2311 1289 2379 κατὰ
1314 2311 1376 2401 τῆν
1402 2306 1544 2396 ἀρχαίαν

371 2413 516 2509 γραφήν,
546 2410 618 2487 εἶτά
638 2445 690 2500 τις
708 2421 755 2511 μὴ
779 2417 905 2512 νοήσας
924 2421 1119 2512 προσίθηκε
1142 2420 1181 2491 τὸ
1203 2446 1250 2501 ος.
1271 2464 1313 2475 -
1338 2427 1446 2493 Φ127
1467 2422 1543 2488 Ari·

370 2528 545 2614 stophanes
560 2532 687 2616 scripsit
702 2527 747 2609 ὥς
760 2554 798 2596 κε
819 2526 958 2622 φάγῃσι,
981 2556 1048 2601 non
1063 2528 1101 2610 ὅς
1117 2555 1164 2599 κε.
1197 2532 1396 2618 Porphyrius
1411 2529 1542 2609 Quasst

371 2635 467 2703 Hom.
486 2638 576 2706 8illo
597 2639 679 2720 loco,
699 2641 757 2706 ubi
779 2662 818 2706 ex
830 2640 1032 2709 Philemonis
1052 2635 1250 2725 συμμίκτοις
1271 2644 1310 2709 de
1330 2639 1439 2706 multis
1461 2659 1543 2725 γρα-

372 2747 486 2831 φικοῖς
500 2737 716 2833 ἁμαρτήμασι
735 2748 822 2833 apud
841 2750 1014 2835 scriptores
1034 2749 1174 2816 inventis
1194 2750 1305 2817 refert:
1331 2741 1350 2815 ὁ
1373 2743 1410 2812 δὲ
1429 2742 1544 2829 βέλτι-

370 2873 448 2931 στος
462 2846 706 2943 Ἀριστοφάνης
730 2848 864 2923 κάκεῖνο
888 2856 927 2923 τὸ
949 2852 1114 2941 θρώσκων
1136 2894 1174 2907 -
1197 2854 1235 2936 ὅς
1255 2879 1293 2922 κε
1307 2850 1432 2945 φάγῃσι
1451 2847 1544 2919 ‹isin-

370 2982 461 3026 νυσιν
475 2953 521 3039 ὦς
532 2955 766 3049 ἡμαρτημένον
779 2958 1002 3032 ὑπολείποιτο
1018 2961 1055 3032 ἐκ
1072 2969 1133 3053 τῆς
1139 2965 1292 3043 παλαιᾶς
1303 2965 1542 3050 γραμματικῆς.

369 3068 422 3134 En
444 3070 607 3136 simillima
633 3072 791 3140 habemns
811 3074 914 3159 ipsius
932 3075 1122 3143 Aristarchi.
1164 3074 1335 3142 Aristonis.
1358 3075 1397 3137 A
1419 3078 1477 3141 104
1498 3065 1541 3135 ὅτ

368 3169 401 3262 (ῆ
426 3176 545 3264 διπλῆ)
568 3174 620 3243 ὅτι
641 3173 830 3265 Ζηνόδοτος
850 3178 975 3270 γράφει
996 3178 1062 3261 ,,ὅν
1082 3175 1157 3249 ποτ’
1176 3176 1386 3262 Ἀχιλλεόςίί·
1407 3172 1542 3266 μήποτε

369 3280 407 3349 δὲ
426 3281 637 3373 πεπλάνηται
652 3284 878 3373 γεγραμμένου
899 3292 959 3355 τοῦ
982 3312 1001 3356 ο
1022 3282 1079 3355 ἀπ’
1103 3282 1265 3377 ἀρχαϊκῆς
1280 3283 1446 3376 σημασίας
1467 3280 1541 3352 ἀντὶ

270 3376 274 3382 ’
367 3398 425 3458 τοῦ
454 3417 482 3458 ω
511 3391 675 3476 προσθείς
704 3393 743 3463 τὸ
769 3419 795 3461 ν.
846 3396 932 3464 Huic
958 3399 1137 3465 Aristarchi
1167 3397 1383 3465 observationi
1411 3395 1542 3482 gemina

369 3502 512 3568 eiusdem
538 3508 664 3571 servata
683 3503 777 3572 Pind.
798 3502 893 3573 Nom.
914 3504 930 3571 Ι
952 3512 992 3576 34
1019 3500 1258 3572 καταλείπεται
1283 3503 1321 3571 δὲ
1347 3509 1387 3595 τῇ
1416 3497 1541 3591 ἀρχαίᾳ

367 3605 515 3697 οημασίη
528 3607 566 3675 τὸ
579 3606 684 3690 ἐσλός.
704 3608 725 3699 ῆ
743 3609 805 3695 γάρ
818 3603 1038 3701 ἀντίστροφος
1052 3605 1173 3702 ἀπῄτει
1186 3612 1225 3679 τὸ
1240 3637 1259 3679 υ
1274 3621 1329 3696 (sc.
1343 3608 1471 3697 ἐσλούς)
1480 3613 1540 3681 ²⁵¹.

366 3715 411 3783 Et
431 3717 473 3782 ad
492 3717 731 3787 Alexandrinos
751 3720 897 3808 relapsus
925 3721 1030 3790 denuo
1051 3723 1229 3791 Aristonici
1250 3724 1445 3811 Didymiquo
1470 3744 1540 3787 me·

366 3826 502 3891 moriam
527 3848 642 3894 revoco
668 3829 915 3916 studiorumque
938 3831 973 3896 in
993 3831 1209 3900 Aristarcheis
1234 3833 1325 3899 libris
1350 3831 1540 3918 positorum,

367 3954 449 4017 quae
470 3933 537 4000 fera
558 3935 628 4001 sola
649 3937 689 4002 ad
711 3935 869 4004 Wolfium
889 3939 1094 4005 refutandum
1115 3940 1307 4008 sufficerent.

448 4041 497 4106 Ao
516 4042 662 4126 profecto
684 4044 763 4111 hacc
784 4050 851 4111 tam
872 4051 949 4114 sunt
969 4070 1027 4134 par
1047 4052 1152 4115 totam
1170 4049 1398 4134 antiquitatem
1419 4069 1540 4133 sparsa,

365 4201 575 4215 ⁸⁵——

431 4292 469 4334 an
487 4309 513 4348 v.
527 4292 649 4349 Boschh.
667 4293 760 4350 Usber
777 4295 882 4356 oluit.
893 4296 1079 4367 Bshandlung
1096 4296 1144 4353 dos
1160 4298 1265 4355 Pindar
1280 4298 1311 4354 in
1322 4298 1436 4354 Mamor.
1450 4296 1538 4355 head.

366 4372 455 4432 Bcrol.
475 4381 548 4434 1822.
567 4382 598 4433 28
616 4397 643 4450 p.
662 4383 720 4435 808.
