3425 4934
549 340 572 391 2.
596 334 638 393 De
655 336 853 394 comtitnenda
869 337 997 394 lectione.
1297 341 1358 405 349

186 494 321 586 εόρηται
347 496 404 565 καὶ
432 493 698 593 ἱσοσόλλαβοςῆ
727 502 836 583 κλίσις
863 501 898 571 δν
924 498 1052 588 ἀστιγεῖ
1080 497 1213 588 βιβλίῳ.
1261 502 1301 569 H.
1329 526 1357 569 e.

188 599 411 690 ἀδιόρθωτον.
452 609 538 677 Nam
563 612 734 701 diligenter
758 618 895 680 annotat
915 613 972 680 ubi
994 633 1059 678 non
1082 611 1251 678 emendato
1272 609 1357 676 libro

187 737 266 781 usas
287 717 337 783 sit.
375 715 421 783 Ut
441 717 504 784 hoe
524 719 598 786 loco
620 721 666 786 sie
687 744 711 787 s.
735 714 919 807 Γεδρωσία;
945 716 980 785 δν
1002 715 1039 785 di
1059 720 1130 796 τοῖς
1148 720 1208 784 τοῦ
1230 714 1358 782 Πολυΐ-

186 844 305 910 στορος
322 821 382 889 διὰ
395 828 455 891 τοῦ
468 850 488 891 κ
504 820 630 914 εὑρέθη
649 822 670 914 ῆ
686 824 800 916 πρώτη
814 820 975 915 συλλαβή,
1000 820 1073 893 ἀλλ’
1089 817 1131 913 ῆν
1145 818 1359 908 ἀδιόρθωτον

186 928 225 996 τὸ
246 926 388 1015 βιβλίον.
423 932 500 1000 Non
516 934 649 1003 dubium
664 938 742 1022 quid
760 938 804 1004 ait
824 930 965 1025 σφάλμα
986 934 1072 1022 apud
1094 936 1232 1002 eundem
1246 933 1358 1020 Steph.

187 1060 212 1103 ε.
236 1041 266 1101 Γ
264 1030 406 1122 άργαραε
440 1036 632 1122 Ἑλλάνικος
657 1041 694 1110 δὲ
715 1038 890 1129 Γόργασον
915 1038 981 1134 ἔφη
1005 1040 1066 1131 τῆν
1092 1035 1195 1110 πόλιν
1220 1040 1279 1108 διὰ
1299 1045 1359 1109 τοῦ

187 1167 224 1222 o,
254 1138 327 1211 ἀλλ’
359 1139 479 1230 οίομαι
503 1147 645 1239 σφάλμα
671 1141 758 1218 εἶναι
781 1153 813 1221 h.
836 1175 865 1222 e.
897 1149 1063 1239 γραφικδν
1092 1143 1270 1238 ἁμάρτημα
1292 1172 1359 1218 non

189 1255 402 1337 emendatum,
413 1257 502 1343 quod
510 1281 578 1327 non
586 1260 1071 1328 videturintellexisaeSturziue
1082 1259 1247 1345 Hellanp.
1259 1259 1357 1328 18250.

271 1361 356 1441 Quid
382 1366 470 1449 qnod
495 1367 664 1455 diligentia
682 1368 878 1436 Batavorum
904 1369 1002 1435 simili
1023 1369 1063 1435 ad
1083 1368 1262 1435 litterarum
1285 1374 1440 1443 eor-(372)

188 1471 355 1554 ruptionea
381 1474 608 1542 attenderunt?
636 1476 776 1545 Galenus
801 1478 836 1542 in
862 1476 1061 1562 praefatione
1083 1475 1124 1543 ad
1144 1475 1263 1542 librum
1284 1497 1356 1540 aex·
1374 1481 1423 1533 85⁶

187 1579 258 1641 tum
277 1577 529 1664 Epidemiarum
550 1584 585 1649 in
607 1606 671 1669 qua
693 1585 839 1670 queritur
860 1587 899 1651 de
920 1584 1056 1651 licenter
1075 1587 1200 1650 mutata
1219 1582 1358 1649 lectione

189 1683 400 1772 neglectaque
418 1691 555 1758 traditae
569 1691 718 1759 lectionis
733 1693 1048 1772 commemoratione,
1068 1692 1114 1758 ita
1127 1691 1248 1779 pergit:
1270 1686 1358 1755 πολὺ

187 1789 322 1874 βέλτιον
335 1789 432 1876 ἔδοξά
443 1819 505 1879 μοι
519 1793 719 1887 φυλάττοντι
732 1797 793 1888 τῆν
808 1794 949 1884 ἀρχαίαν
964 1797 1097 1888 γραφὴν
1111 1792 1165 1865 ἀεί
1178 1794 1239 1873 μὲν
1250 1818 1359 1864 σπου-

189 1893 303 1980 δάζειν
317 1897 444 1991 ἐκείνην
466 1901 669 1994 ἐξηγεῖσθαι,
690 1905 736 1996 μῆ
754 1904 932 1996 δυνηθέντι
954 1904 994 1973 δέ
1009 1930 1092 1974 ποτε
1111 1910 1209 1974 τοῦτο
1230 1905 1359 1993 πρᾶξαι

187 2008 341 2098 πιθανὴν
365 2009 426 2099 τὴν
450 2008 686 2097 ἐπανόρθωσιν
707 2009 810 2103 αὐτῆς
829 2018 1011 2082 ποιεῖσθαι
1032 2010 1191 2102 καθάπερ
1213 2008 1233 2081 ό
1252 2009 1359 2099 Ἡρα-

187 2112 321 2205 κλείδης
334 2114 369 2184 ἐν
382 2123 430 2207 τῷ
452 2118 594 2210 δευτέρην
614 2126 681 2188 τῶν
701 2120 888 2212 ἐπιδημιῶν
909 2117 1095 2212 ἐποιήσατο
1117 2120 1201 2188 κατὰ
1222 2120 1283 2210 τῆν
1305 2118 1359 2187 λέ·

189 2222 240 2303 ξιν
260 2221 387 2314 ἐκείνην
408 2224 443 2294 ἐν
463 2217 485 2318 ᾗ
506 2226 688 2317 γέγραπται
711 2230 824 2315 ,,πρδς
844 2228 882 2296 δὲ
904 2230 943 2297 τὸ
962 2225 1182 2322 Ἀφροδίσιον
1203 2224 1239 2296 αλ
1261 2222 1359 2314 οόραὶ

188 2325 367 2414 ίβλεπσνίῑ.
415 2332 536 2426 δπειδή
557 2362 619 2425 περ
642 2343 714 2419 τοῖς
734 2334 994 2428 λξήγησαμὲνοις
1017 2338 1079 2426 τῆν
1105 2337 1200 2422 οοραί
1226 2337 1358 2429 γραφὴν

189 2430 371 2521 ἀπιθάνως
391 2438 536 2533 εἴρηται,
564 2443 648 2530 τάχα
675 2446 756 2537 φησὶ
782 2442 890 2535 θύραι
909 2443 971 2533 μὲν
989 2438 1031 2535 ῆν
1052 2443 1278 2535 γεγραμμένον
1299 2444 1356 2511 διὰ

188 2551 249 2613 τοῦ
272 2551 316 2630 Θ,
339 2554 399 2638 τῆς
418 2549 521 2641 μέσης
542 2552 580 2622 δὲ
600 2560 753 2645 γραμμῆς
774 2553 810 2622 δυ
830 2551 914 2647 αάτῆ
937 2551 1185 2646 διαφθαρείσης
1205 2548 1318 2634 ἔδοξεν
1338 2547 1357 2620 ό

186 2652 433 2748 βιβλιογράφος
455 2660 551 2749 ονραὶ
572 2662 774 2753 γεγράφθαι.
808 2662 948 2730 δυνατὸν
968 2661 1031 2751 γὰρ
1053 2661 1093 2751 δὴ
1117 2659 1203 2731 οὕτω
1224 2660 1282 2728 καί
1303 2662 1358 2727 λε·

187 2767 274 2851 πτῆς
302 2758 372 2845 ίνδς
402 2761 619 2850 ἀπολωλυίας
650 2767 930 2839 συναπόλλυσθαι
961 2769 1023 2859 τῆν
1051 2768 1206 2859 γραμμῆν
1237 2764 1359 2856 ταότην

186 2869 244 2938 καὶ
264 2867 335 2939 κατ’
359 2870 463 2962 ἀρχάς
483 2873 589 2958 εάθδς
613 2873 717 2968 αότῆν
737 2873 891 2964 ἀμυδρὰν
916 2884 1100 2969 γραφεῖσαν
1120 2873 1269 2965 ίξίτηλον
1289 2871 1358 2942 ἀπὸ

185 2982 246 3044 τοῦ
264 2975 383 3067 χρόνου
406 2981 575 3069 γενέσθαι.
596 3030 636 3041 -
657 2987 785 3055 Hellad.
805 3012 855 3075 ap.
877 2987 972 3055 Phot.
995 3012 1026 3075 p.
1046 2988 1131 3058 5311)
1154 2995 1191 3056 15
1208 2985 1266 3053 Be.
1302 2982 1358 3050 διὸ

186 3085 243 3153 καί
263 3087 322 3156 τόν
341 3085 420 3175 παρ’
433 3087 569 3182 Ὁμῆριμ
584 3091 694 3176 στίχον
708 3097 757 3183 (Δ
770 3096 848 3182 412>
868 3091 955 3173 τινὲς
974 3088 1012 3161 οὗ
1033 3092 1129 3162 τέττα
1150 3087 1239 3159 ἀλλὰ
1260 3089 1359 3158 τέτλα

185 3190 396 3283 προήνεγκεν
422 3194 715 3285 ἀναγινώσκοντες,
744 3200 800 3269 καί
827 3196 1113 3291 ἑπισημηνάμενοε
1132 3194 1219 3287 nicei
1244 3193 1358 3288 ἀπάτη

184 3301 317 3389 γέγονεν
331 3300 368 3373 ἐκ
384 3310 445 3373 τοῦ
456 3332 549 3389 τινας
568 3309 607 3378 τὸ
632 3306 784 3398 δεάτερον
803 3333 822 3375 τ
842 3303 916 3377 ἀντὶ
935 3318 994 3377 τοῦ
1013 3308 1173 3394 λλαβεῖν,
1196 3311 1257 3397 τῆς
1276 3311 1359 3393 floo-
1454 3398 1458 3406 Ι

184 3407 322 3499 χυτόρας
350 3420 501 3504 γραμμῆς
524 3422 584 3485 τοῦ
608 3418 628 3483 λ
654 3415 841 3508 φαντασίαν
868 3412 981 3497 αὐτοῖς
1005 3421 1066 3505 τῆς
1091 3410 1202 3506 ὀρθῆς
1222 3411 1359 3503 κεραίας

184 3522 245 3584 τοῦ
258 3543 277 3584 τ
290 3522 553 3614 παρασχομένης,
576 3531 637 3615 τῆς
653 3524 691 3594 dd
705 3524 860 3612 μείζονος
871 3530 933 3614 τῆς
946 3522 1159 3614 ἐπικειμένης
1172 3518 1357 3611 δγκαρσίας.

184 3628 342 3716 Ροεμλνγτ.
364 3633 405 3699 ad
431 3639 529 3704 Y271
553 3628 586 3700 oi
608 3631 645 3701 δδ
665 3632 722 3701 καί
743 3630 892 3702 αότόθεν
913 3628 1047 3716 ἀξιοῦσι
1066 3631 1112 3721 μῆ
1137 3628 1258 3699 ἔλασσε
1279 3627 1358 3717 γρά·

184 3759 262 3823 φειν
283 3732 371 3804 ἀλλὰ
391 3735 534 3822 θλάσσε,
557 3736 691 3809 ἀνωθεν
713 3739 899 3832 φάσκοντες
919 3735 1108 3831 ἁμαρτόντα
1128 3739 1203 3808 τινὰ
1225 3734 1358 3828 γράψαι
1482 3818 1484 3822 ⁴

182 3843 221 3913 τὸ
239 3850 278 3931 Ε,
299 3845 361 3935 τῆν
382 3846 507 3938 λοιπὴν
529 3848 749 3940 περιφέρειαν
768 3854 830 3919 τοῦ
850 3854 881 3918 Θ
901 3846 1059 3939 παρέντα.
1094 3851 1216 3937 Aliquo
1238 3849 1357 3916 veteris

248 4065 288 4110 ²⁶⁰
303 4065 337 4121 In
348 4068 538 4140 compluribus
548 4071 737 4141 Anthologiae
749 4070 961 4143 epigrammatis
976 4073 1103 4127 notatur:
1117 4068 1303 4140 δσφαλμίνον
1313 4068 1359 4125 vel

183 4142 370 4222 όλόσφαλτον
392 4153 438 4210 vel
460 4154 595 4212 similiter.
631 4156 665 4211 In
688 4155 732 4211 hie
754 4155 934 4228 putolanum
951 4172 1010 4211 eaee
1028 4153 1211 4210 eeiibentinm
1229 4158 1264 4211 nt
1279 4153 1359 4224 qnasi

180 4234 312 4306 griphnm
337 4237 489 4295 lectoribus
511 4246 680 4313 proponant.
715 4243 813 4312 ,λάτοι
835 4238 889 4297 τδν
911 4244 981 4297 νοῦν
1002 4242 1056 4296 τοῦ
1073 4235 1294 4310 ἐπιγράμματος
1312 4226 1358 4293 δτι

180 4318 373 4392 ἐσφαλμένον.
411 4318 466 4381 ἐάν
489 4317 556 4397 ἔκηε
583 4330 654 4383 νοῦν
680 4323 735 4383 οὐκ
764 4321 907 4396 ἔσφαλται
929 4315 1002 4381 ἀλλά
1022 4325 1135 4392 μᾶλλον
1155 4316 1357 4392 aeoto'uotouu

179 4406 277 4464 Iacobo
295 4407 326 4467 Τ.
345 4400 399 4465 vil
419 4426 448 4479 p.
469 4414 524 4466 127.
