3425 4934
354 342 379 393 θ.
404 340 489 408 μῆνις
506 339 536 394 εἰ
550 329 646 406 χόλος.
676 330 764 394 ἔνδον
779 340 810 394 ολ
827 342 908 409 εἰσιν,
925 341 1005 396 κεῖθι
1022 343 1052 395 et
1068 347 1158 397 κεῖσε.
1284 349 1341 414 133

169 504 311 571 Achilles
339 506 409 591 ipse
437 505 476 572 de
504 528 592 573 sese:
625 508 679 571 νῖν
706 498 738 570 δ’
761 497 840 591 ἤτοι
864 502 927 589 μὲν
952 504 1016 593 lyei
1039 503 1137 575 παύω
1157 500 1277 589 χόλονι
1306 506 1338 593 (ε

169 610 287 698 διπλῇ)
310 609 364 678 ὅτι
385 606 615 702 οἰντιπέφρακε
639 614 679 704 τῇ
704 606 824 699 μήνιδι
842 612 902 679 τὸν
920 610 1031 695 χόλον.
1070 617 1130 701 (cf.
1152 640 1229 684 mox
1249 641 1279 683 v.
1301 625 1341 685 75

169 708 214 797 όῖς
234 712 361 808 ἔφαθ’·
384 714 418 787 οἰ
439 712 471 785 δ>
495 715 658 807 ἐχάρησαν
677 714 874 808 ἐϋκνήμιδες
891 715 1034 803 Ἀχαιοί,
1056 728 1158 811 μῆνιν
1179 716 1342 791 ἀπειπόν-

168 848 224 905 τος
242 824 443 911 μεγαθύμου
469 822 679 915 Πηλείυνος.)
714 832 754 893 Π
772 834 813 898 30
834 828 1004 898 Patroclus
1026 833 1068 898 ad
1087 833 1194 899 illum:
1212 830 1259 918 μὴ
1284 829 1343 915 ἐμὲ

168 923 363 1020 reiecitis
383 957 420 1021 χε
441 930 543 1020 λάβοι
561 927 673 1017 χόλος,
698 924 737 1001 δν
756 932 796 1000 σὺ
819 930 1018 1025 φυλόσσειςε
1047 933 1087 1026 (ἦ,
1104 939 1223 1026 διπλῆ)
1245 935 1300 1007 ότι
1320 935 1340 1007 δ

165 1036 266 1123 χόλος
286 1037 580 1132 ιίντιμετείληπται
604 1037 647 1121 ὡς
667 1036 878 1127 ἰσοδυναμοῦν
898 1047 939 1134 τῇ
958 1041 1086 1132 μήνιδι.
1125 1047 1173 1116 Ib.
1194 1055 1236 1116 62
1256 1045 1343 1131 πρὸς

166 1147 205 1217 τὸ
218 1145 401 1239 μηνιθμόν,
424 1146 503 1238 (ότι)
517 1145 744 1237 παραλλήλοις
763 1146 878 1232 τέταχε
898 1155 945 1238 τῷ
963 1146 1063 1241 χόλῳ.
1100 1154 1164 1235 Qui
1183 1156 1274 1223 locus
1295 1158 1342 1224 sie

167 1259 279 1327 habet:
300 1251 375 1325 οὐδ’
393 1252 460 1347 ἰίρα
474 1282 547 1338 πως
560 1249 603 1345 ἦν
623 1250 785 1342 ιίσπερχίς
805 1259 1021 1340 κεχολῶσθαι
1042 1257 1090 1328 ένί
1111 1257 1241 1351 φρεσίν·
1263 1256 1342 1350 ἤτοι

167 1361 252 1455 ἔφην
272 1388 309 1450 χε
329 1360 369 1433 ού
391 1364 470 1452 πρίν
489 1363 662 1454 μηνιθμὸν
682 1364 945 1452 καταπαυσέμεν.
985 1369 1078 1437 Unde
1100 1376 1216 1457 sponte
1238 1395 1341 1439 emer·

167 1476 211 1541 sit
230 1497 306 1542 vere
326 1475 497 1563 explicatio
524 1476 552 1540 0
575 1480 634 1543 122
655 1467 742 1541 ἔνθα
768 1468 796 1540 κ’
820 1470 870 1542 ἔτι
894 1471 1017 1560 μείζων
1036 1500 1072 1543 τε
1093 1475 1152 1543 καί
1169 1472 1342 1564 ιίρχαλειύ-

165 1605 260 1669 τερος
279 1574 384 1660 ἰίλλος
401 1579 469 1668 πδιρ
484 1578 569 1660 Διὸς
590 1575 797 1649 ἀθανάτοισι
813 1580 915 1666 χόλος
934 1583 992 1651 καὶ
1011 1589 1108 1672 μῆνις
1128 1582 1266 1674 έτύχθηι
1287 1583 1341 1653 ὅτι

166 1687 204 1756 έκ
227 1684 449 1776 παραλλήλου
476 1682 528 1768 αῖς
557 1683 820 1775 ἰσοδυναμοῦντα
850 1691 909 1757 τὸν
935 1687 1037 1773 χόλον
1062 1692 1121 1760 καί
1144 1692 1206 1782 τὴν
1229 1699 1339 1782 μῆνιν.

166 1798 306 1866 (δούλοισι
330 1799 432 1886 ἱχὶλοε
458 1821 499 1866 ne
533 1799 606 1884 quis
640 1799 796 1866 eiusmodi
825 1800 904 1867 locis
937 1824 971 1869 se
998 1803 1106 1888 ipsum
1131 1803 1184 1870 vel
1210 1808 1339 1889 poetam

165 1907 322 1973 cruciaret
348 1907 528 1974 differentia
556 1907 770 1974 extundendae.
819 1906 943 1976 Sumsit
969 1910 1046 1976 hinc
1070 1910 1265 1996 Apollonius
1292 1911 1338 1977 Ill

164 2020 225 2083 337
248 2006 322 2080 οὐδ’
344 2009 526 2095 ὑπαλύξειν
546 2016 679 2079 στεῦται
696 2009 906 2096 ἀμειλίκτοιο
927 2014 1014 2095 Διὸς
1038 2013 1216 2101 θυμαλγέα
1236 2021 1338 2104 μῆνιν

164 2119 221 2188 καῖ
238 2116 349 2203 χόλον.
386 2122 452 2191 Sed
471 2123 571 2190 falsus
592 2123 655 2189 fuit
677 2123 712 2189 in
735 2123 940 2209 etymologia.
975 2126 1129 2212 Apollon.
1152 2125 1213 2193 lex.
1231 2150 1261 2212 p.
1277 2134 1337 2195 550

163 2230 282 2316 μῆνιςε
302 2224 322 2298 ὁ
341 2226 403 2314 μέν
420 2223 549 2296 Ἀπίων
569 2222 675 2317 μόνης
693 2227 873 2315 (1.μανία)·
896 2227 929 2297 οῖ
950 2229 1012 2317 γὰρ
1034 2225 1245 2316 ὀρχιζόμονοί
1264 2258 1338 2312 πως

162 2332 347 2418 μαίνονται.
384 2330 598 2423 Ἀρίσταρχος
623 2334 661 2404 δὲ
680 2332 778 2417 κότος
799 2335 1033 2426 πολυχρόνιος,
1060 2335 1129 2407 οἰπὸ
1151 2344 1211 2407 τοῦ
1231 2337 1402 2425 imi-134

165 2447 259 2510 σθαι.
298 2446 442 2533 Scripsit,
462 2447 497 2513 ni
517 2447 631 2527 fallor,
658 2439 728 2512 ἀπὸ
752 2448 812 2511 τού
838 2442 1010 2530 ἐπιμένειν
1029 2442 1133 2536 ἤγουν
1154 2447 1339 2532 ἐγκεῖσθαι.

163 2553 254 2622 Enni
267 2577 298 2641 p.
314 2560 343 2637 8,
359 2562 397 2624 14
413 2549 467 2622 ὅτι
479 2557 581 2641 μῆνις
593 2551 677 2620 κατὰ
692 2551 771 2631 τοὺς
784 2552 954 2635 παλαιοὺς
973 2550 993 2642 ἡ
1019 2552 1223 2640 ἐπιμένουσα
1243 2549 1337 2643 ὀργή.

634 2793 865 2803 ———...

413 2980 552 3055 ’Ένδον
572 2992 607 3055 ελ
626 2980 736 3067 οἰσιυ,
761 2990 875 3053 κεῖθι
896 2993 929 3055 et
950 2992 1072 3067 κεῖσε,

162 3143 234 3206 item
254 3141 324 3207 αίῖιτ
345 3140 495 3206 adverbii
515 3164 601 3227 quae
616 3154 733 3205 motmn
754 3154 783 3205 et
803 3154 923 3206 etatem
940 3142 1121 3229 etfflufieant
1141 3145 1182 3207 ab
1202 3145 1338 3210 Homero

589 3273 650 3315 ιιοιι
671 3261 907 3315 commutantur.

249 3439 270 3501 η
294 3422 331 3485 13
352 3410 376 3500 ἣ
398 3407 431 3481 οἰ
451 3416 517 3499 πῦρ
539 3407 675 3481 ἀνέκαιε
695 3413 753 3482 καί
774 3407 853 3480 εἰσιν
876 3407 1005 3501 δόρπον
1027 3410 1180 3499 ίκόσμειε
1202 3417 1260 3486 διὰ
1280 3419 1342 3508 τὴν

168 3522 338 3612 διαφορὰν
357 3524 418 3587 τοῦ
437 3515 516 3587 εἰσω
537 3521 625 3608 πρὸς
644 3520 683 3591 τὸ
705 3517 802 3591 ένδον
822 3528 878 3608 (ee.
901 3518 922 3610 ἡ
948 3523 1077 3611 διπλῇ).
1111 3530 1151 3591 Λ
1168 3534 1229 3597 528
1251 3522 1340 3594 οἰλλδι

168 3628 225 3696 καί
244 3623 342 3717 ἡμεῖς
354 3625 434 3696 κεῖτ’
450 3630 577 3710 ἵππους
593 3654 629 3697 τε
651 3628 709 3697 καί
726 3624 801 3717 ίύρμ>
818 3625 990 3715 ἰθύνομεν,
1014 3627 1102 3699 ἔνθα
1122 3627 1269 3717 μάλιστα
1284 3664 1341 3703 -.·

168 3733 200 3825 (ἦ
224 3737 343 3824 διπλῆ)
364 3732 417 3803 ὅτι
428 3733 616 3824 Ζηνόδοτος
637 3732 759 3828 χροίφει
779 3733 894 3820 ,,κεῖθ’
917 3740 1081 3819 ῖππουςῑέ·
1102 3737 1227 3827 γίνεται
1247 3741 1284 3811 δέ
1305 3743 1340 3811 έν
1352 3761 1423 3835 (139)

167 3840 282 3933 ἰκτίνῳ
302 3850 350 3933 τῷ
369 3838 478 3933 τόπῳ·
498 3844 537 3914 τὸ
561 3844 598 3914 δέ
619 3844 725 3913 ἐκεῖσε
745 3842 793 3927 εἰς
814 3845 941 3915 ἐκεῖνον
959 3845 1019 3915 τὸν
1038 3842 1154 3936 τόπον,
1178 3843 1199 3918 ό
1220 3850 1260 3938 δὴ
1285 3857 1341 3918 νῦν

168 3947 315 4040 ἁρμόζει.
352 3957 396 4018 Μ
409 3942 470 4024 348
488 3949 518 4020 εἰ
533 3952 571 4021 δέ
585 3978 668 4046 σφιν
681 3953 739 4022 καί
751 3959 847 4022 κεῖθι
867 3952 973 4035 πόνος
993 3955 1051 4024 καῖ
1071 3960 1178 4037 νεῖκος
1199 3953 1341 4047 ὄρωρεν.-

167 4058 200 4151 (ij
218 4063 336 4151 διπλῆ)
358 4059 412 4132 ὅτι
428 4059 617 4153 Ζηνόδοτος
636 4059 760 4153 γράφει
780 4059 840 4146 ,,εἰ
861 4061 899 4132 δέ
915 4088 996 4155 σφιν
1016 4061 1189 4132 κιίκεῖσεῑέ·
1210 4063 1282 4134 ἔστι
1304 4068 1340 4135 δέ

167 4164 240 4238 οἰντῖ
264 4175 325 4238 τοῦ
351 4168 469 4252 οὕτως·
504 4169 542 4238 δὲ
567 4166 598 4239 εἰ
623 4166 672 4251 εἰς
696 4170 822 4242 ἐκεῖνον
847 4172 906 4241 τὸν
928 4168 1035 4242 τόπον
1062 4168 1213 4258 πόλεμός
1241 4175 1339 4265 ἐστιν,

164 4273 238 4346 ἀλλ’
262 4278 298 4348 έν
320 4275 444 4368 ἐκείνῳ.
479 4281 646 4349 Bekkerus
667 4306 726 4369 pro
749 4281 786 4348 δέ
808 4286 1043 4352 emendandum
1065 4308 1134 4351 esse
1157 4287 1339 4371 suspicatus

166 4395 215 4457 οεῖ
229 4383 268 4458 ού
292 4388 347 4456 δεῖ
366 4385 414 4470 δέ,
436 4393 532 4472 recle,
553 4395 592 4457 ut
612 4391 736 4478 opinor.
770 4391 909 4477 Reliqua
930 4395 980 4477 (ul
993 4392 1157 4479 intelliges
1179 4415 1219 4460 ex
1240 4394 1340 4463 schol
