3425 4934
359 308 395 368 14
641 298 663 355 1.
681 296 722 353 De
739 297 866 353 fontibus
883 297 1029 352 doctrinae
1047 295 1248 353 Aristarcheae.

355 487 413 531 suo
442 487 532 530 more
560 465 707 547 descivit,
733 469 821 552 quod
847 468 932 533 forte
957 488 1024 533 non
1045 466 1245 532 meminerat.
1288 463 1373 542 Quin
1396 466 1534 551 gratiam

353 572 523 638 habiturus
560 572 659 640 fuerit
692 575 961 643 animadvertenti
996 596 1062 640 non
1098 572 1311 640 dubitandum
1347 576 1405 639 est.
1461 577 1532 640 oc

353 671 454 762 i'puaa
475 682 523 765 τῷ
549 677 701 767 προτέρῳ
728 678 782 747 ὅτε
801 680 939 765 μαίνετο
960 676 1121 767 φαίδιμος
1133 676 1280 763 Ἕκτωρε
1302 682 1398 745 τοῖπο
1420 673 1462 743 ἀν
1482 703 1534 758 τις

354 782 578 873 σημειώσαιτο
599 786 686 871 πρὸς
706 787 744 856 τὸ
764 783 937 857 τινάσσετο
957 785 1175 874 μαινομένοιο
1197 789 1243 874 (0
1258 792 1346 873 om)-
1366 782 1533 877 γράφουσι

355 887 417 978 γάρ
438 918 525 973 τινες
536 891 772 980 μαρναμένοιο.
797 900 831 962 Ψ
848 906 908 968 120
923 892 1200 986 διαπλήσσοντεςι
1222 892 1533 982 παρασημειώσαιτο

354 998 394 1068 ἀν
413 1025 465 1081 τις
484 1005 580 1069 τοῦτο
601 1001 688 1089 πρὸς
707 1003 745 1072 τὸ
768 1001 803 1071 ἐν
815 1009 857 1095 τῇ
870 999 1047 1094 Ὀδυσσείᾳ
1061 1010 1092 1088 (κ
1107 1012 1180 1085 440)
1201 1007 1265 1090 ,τῷ
1286 998 1319 1070 oi
1333 996 1534 1093 ἀποπλήξας

353 1104 524 1200 πεφαλήν“
545 1111 659 1193 (altera
671 1113 717 1179 ibi
731 1114 829 1180 lectio
849 1120 919 1195 erat
933 1107 1143 1200 ἀποτμήξας)
1164 1104 1237 1178 ἀντὶ
1256 1114 1316 1178 τοῦ
1338 1104 1532 1198 ἀποκόψας.

313 1230 344 1280 14
436 1218 504 1284 Eos
524 1219 615 1286 locos
643 1226 818 1307 praetereo,
840 1223 897 1307 qui
918 1222 1094 1289 Aristonici
1120 1243 1187 1287 non
1209 1224 1293 1297 sunt
1316 1221 1372 1286 ubi
1393 1242 1534 1306 σημειω·

355 1320 431 1391 τέον
455 1326 505 1392 vel
527 1325 758 1414 οημειοάμεδα
786 1335 837 1396 est
866 1331 992 1417 vulgari
1012 1352 1122 1396 sensu:
1148 1329 1227 1406 „hoc
1248 1328 1393 1394 attende“
1412 1326 1463 1393 vel
1484 1327 1532 1405 „h.

355 1433 377 1499 l.
398 1435 593 1501 notandum“
614 1440 651 1502 ut
673 1439 717 1519 (Γ
734 1443 807 1522 306)
836 1442 867 1501 Φ
889 1444 959 1507 588.
1002 1437 1067 1505 Sed
1087 1438 1151 1503 hoc
1172 1438 1308 1503 fortasse
1339 1456 1532 1502 commemo·

356 1544 480 1609 ratione
503 1543 638 1629 dignum
659 1546 747 1629 quod
772 1551 822 1612 est
848 1550 888 1610 X
905 1551 976 1625 379,
1004 1546 1061 1612 uhi
1085 1547 1165 1611 haec
1192 1544 1380 1611 Aristonici:
1402 1541 1444 1608 τά
1469 1542 1532 1628 γὰρ

355 1651 492 1715 τοιαῦτα
527 1646 741 1739 ἐσημειοῦντο
776 1649 864 1735 πρὸς
897 1651 1004 1734 κρίσιν
1040 1646 1249 1740 ποιημάτων,
1291 1647 1344 1717 ὅτι
1384 1645 1534 1729 σπανίως

348 1753 494 1844 ’Όμηρος
518 1755 738 1843 κακομέτρους
764 1766 866 1830 ποιεῖ.
908 1762 977 1828 Aut
1003 1762 1131 1847 scripsit
1159 1756 1354 1847 ἐσημειοῦτο
1380 1763 1437 1826 aut
1457 1760 1532 1824 Ari·

356 1867 475 1932 starchi
505 1867 657 1951 aequales
688 1868 862 1953 discipulos
893 1869 945 1935 vel
973 1869 1243 1937 contuhemalea¹
1280 1869 1532 1953 comprehendit,

291 1984 346 2054 (ιτ)
359 1996 496 2059 quorum
529 1996 627 2060 opera
653 1977 860 2043 Aristarchus
887 2000 965 2043 usus
990 1978 1070 2043 estl.
1117 1977 1266 2042 Diximus
1291 1977 1331 2041 de
1357 1975 1533 2041 Aristonici

425 2246 435 2284 ¹
455 2243 567 2299 Sueten.
586 2241 684 2297 illustr.
703 2258 744 2311 gr.
763 2246 778 2294 ‘1
799 2240 927 2312 ,Gnipho
939 2273 972 2283 -
985 2240 1169 2297 Alexandriae
1187 2241 1309 2310 quidem,
1328 2244 1361 2297 ut
1372 2240 1459 2310 aliqui
1477 2243 1533 2295 tra·

357 2328 441 2393 dunt,
463 2327 494 2382 in
511 2324 696 2383 contubernio
713 2324 839 2393 Dionysii
860 2325 1102 2395 Scytobrachionis
1124 2358 1158 2369 —
1174 2327 1259 2381 fuisse
1276 2326 1402 2380 dicitur‘.
1420 2356 1453 2366 -
1470 2326 1533 2380 Per·

355 2429 450 2467 aaeum
468 2429 531 2466 cum
547 2411 656 2466 Zenone
674 2409 808 2480 magistro
824 2409 855 2464 in
873 2411 971 2466 cadem
989 2411 1072 2468 domo
1085 2412 1233 2473 habitasse,
1250 2413 1332 2481 patet
1343 2427 1377 2466 ex
1389 2408 1535 2465 historiola

356 2496 392 2551 ab
410 2496 555 2551 Athenaeo
573 2494 680 2549 tradita
697 2494 763 2549 XIII
781 2500 844 2551 θυῖε
862 2498 934 2566 φησὶ
955 2497 1013 2568 γάρ
1034 2489 1196 2567 Ἀντίγονος
1218 2485 1235 2551 o‘
1256 2496 1424 2567 Καρύστιος
1440 2492 1474 2551 ἐν
1491 2499 1535 2568 τῷ

355 2582 425 2652 περὶ
447 2583 582 2652 Ζήνωνος
604 2578 729 2651 γράφων
747 2567 805 2634 ὦδε
827 2582 947 2650 ,Ζήνων
968 2579 985 2636 δ
1007 2582 1135 2647 Κιτιεύς,
1162 2582 1312 2652 Περσαίου
1340 2577 1420 2650 παρά
1441 2578 1536 2635 πδτον

356 2660 542 2736 αὐλητρίδιον
561 2662 733 2736 πριαμένου,
755 2665 946 2729 διοκνοῦντος
968 2664 1138 2736 εἰσαγαγεῖν
1157 2666 1233 2736 πρὸς
1250 2662 1341 2720 αὐτὸν
1365 2660 1465 2720 διὰτὸ
1482 2666 1536 2733 την

357 2749 447 2819 αὐτὴν
468 2748 563 2806 οἰκεῖν
585 2745 698 2805 οἰκίαν(
719 2779 761 2802 -.
784 2747 826 2803 Dc
849 2749 1032 2806 contubernio
1054 2750 1271 2820 intelligendum
1295 2747 1407 2803 videtur
1429 2748 1482 2803 hoc
1503 2747 1534 2801 in

356 2836 406 2890 rit.
425 2834 553 2905 Apollon.
572 2833 674 2889 Rhodii
693 2838 734 2904 (p.
746 2839 788 2902 5⁰,
806 2838 821 2888 3
840 2832 1000 2901 western.)
1013 2830 1133 2904 ἐγένετο
1151 2826 1177 2888 δ’
1193 2829 1242 2890 ἐπὶ
1259 2836 1321 2887 τῶν
1332 2833 1535 2901 Πτολεμαίων,

355 2919 391 2973 τδ
409 2917 465 2986 μὲν
481 2925 603 2990 πρῶτον
621 2912 717 2975 συνών
729 2917 909 2990 Καλλιμάχῳ
930 2923 972 2992 τῷ
990 2913 1055 2990 ἰδίῳ
1074 2915 1247 2990 διδασκάλῳ.
1282 2916 1366 2987 Apud
1385 2915 1481 2974 Galen.
1499 2917 1535 2971 de

356 3002 420 3057 libr.
438 3021 479 3074 pr.
497 3003 527 3058 Τ.
545 3003 610 3058 XIX
633 3004 688 3075 (K.)
707 3022 735 3074 p.
754 3007 787 3059 43
803 3002 857 3057 hoc
875 3000 1004 3071 legimns:
1028 2997 1072 3059 ἔτι
1093 3001 1127 3058 δὲ
1148 3008 1218 3065 παῖς
1240 2993 1288 3067 ὤν,
1312 2997 1396 3071 ηνάια
1413 3004 1536 3072 πρῶτον

290 3088 375 3158 (mr
394 3090 490 3159 πατήρ
507 3106 545 3156 με
562 3092 604 3162 τῷ
621 3091 674 3158 τήν
691 3090 810 3157 λογικὴν
820 3088 953 3157 διωρίαν
962 3088 1137 3157 Χρυσίππου
1154 3088 1205 3143 καὶ
1220 3090 1283 3140 τῶν
1298 3082 1536 3150 ἐνδδξιυνΣτιυΐ·

356 3175 419 3227 καῖν
435 3170 586 3236 διδάξαντι
600 3170 784 3243 παρέδωκεν,
801 3167 983 3242 ἐποιησάμην
1000 3170 1034 3226 ἐν
1050 3169 1131 3243 αὐτῷ
1153 3175 1214 3227 τῶν
1233 3172 1412 3243 Χρυσίππου
1433 3171 1536 3225 συλλο·

357 3259 497 3326 γιοτιιιιδν
514 3258 633 3326 βιβλίων
649 3254 851 3326 ὑπομνήματα.
886 3254 950 3311 Non
967 3253 1096 3326 intelligo
1119 3252 1153 3312 ἐν
1169 3255 1261 3330 aava
1285 3254 1335 3310 sed
1357 3253 1535 3309 scribendum

358 3338 458 3410 opinor
480 3338 513 3396 ἐν
534 3336 625 3396 αὐτοῦ
646 3343 676 3396 et
702 3340 737 3395 de
764 3340 945 3396 contubernio
975 3339 1165 3409 cogitandum.
1193 3371 1225 3380 -
1251 3338 1338 3395 Persii
1366 3342 1396 3395 et
1418 3337 1535 3394 Cornuti

358 3424 573 3480 contubernium
590 3442 710 3495 agnosco
729 3427 758 3480 in
776 3425 970 3495 pulcherrimis
993 3429 1094 3494 poetae
1116 3424 1242 3480 versibus
1260 3427 1310 3480 sat.
1330 3424 1355 3479 ll
1372 3429 1403 3480 41
1423 3441 1485 3492 sqq.
1502 3452 1536 3464 -

357 3508 461 3564 Fronto
483 3508 594 3579 epistol.
617 3510 653 3564 ad
675 3510 780 3565 amicos
796 3510 810 3563 l
829 3514 860 3565 la
879 3527 906 3579 p.
927 3513 973 3565 198
997 3509 1032 3564 N.
1055 3508 1186 3575 „Sardius
1211 3509 1376 3564 Saturninus
1397 3506 1536 3562 artissima

357 3593 427 3648 mihi
444 3593 637 3650 familiaritate
655 3595 820 3651 coniunctus
840 3597 883 3649 est
899 3611 950 3664 per
967 3593 1037 3649 filios
1056 3612 1119 3650 auos
1131 3593 1305 3650 doctissimos
1324 3592 1447 3654 iuvenes,
1465 3608 1535 3660 quos

357 3679 388 3733 in
405 3678 588 3733 contubernio
606 3696 714 3734 mecum
732 3679 862 3735 adsiduos
880 3680 996 3735 habeo.“
1020 3678 1057 3734 Et
1074 3696 1117 3751 ep.
1132 3677 1325 3747 subsequenti:
1344 3676 1472 3741 „Samius
1489 3675 1535 3729 Sa

358 3763 488 3817 turrinus
505 3761 593 3817 filiurn
610 3764 698 3819 habet
715 3764 844 3819 Sardium
862 3763 979 3834 Lupum,
996 3763 1031 3819 de
1049 3780 1112 3818 mea
1129 3764 1212 3818 domo
1223 3779 1341 3832 meoque
1354 3761 1536 3817 contubernio

357 3848 387 3902 in
404 3848 496 3903 forum
513 3847 690 3903 deductum.u
726 3847 854 3917 Denique
872 3848 906 3903 cf.
926 3866 969 3919 ep.
989 3852 1029 3903 24.
1048 3853 1089 3904 28.

425 3935 439 3974 2
457 3932 487 3987 Si
499 3932 562 4002 quia
573 3932 604 3987 in
615 3932 700 3988 schol.
713 3932 864 3988 Aristonici
881 3936 963 3988 notas
978 3932 1088 4002 quaerit
1104 3932 1176 3987 illud
1188 3933 1350 3998 tenendum,
1369 3947 1441 4001 quae
1457 3930 1537 3986 scho-

358 4015 397 4070 lia
413 4016 553 4087 incipiunt
569 4018 606 4071 ab
624 4012 670 4073 ὅτι
689 4019 792 4088 partim
810 4017 961 4082 Aristonici
979 4034 1037 4073 esse
1054 4017 1323 4087 intelligendumque
1341 4034 1398 4071 esse
1416 4017 1433 4086 ή
1451 4018 1536 4086 διπλῆ

360 4094 414 4157 ὅτι.
449 4100 507 4157 Nec
525 4101 637 4156 difficile
655 4104 697 4156 cst
714 4101 783 4155 haec
802 4101 915 4157 abistis
934 4102 1097 4167 discernere,
1117 4101 1167 4156 ubi
1186 4092 1231 4158 tn
1250 4101 1319 4156 illud
1336 4119 1368 4155 ex
1385 4116 1462 4155 more
1479 4117 1537 4154 om·

359 4185 436 4239 nium
451 4188 578 4240 veterum
596 4184 806 4240 scholiastarum
823 4185 904 4241 initio
923 4191 1052 4242 notarum
1070 4185 1200 4256 positum.
1232 4186 1309 4252 Quae
1322 4189 1454 4256 corrupta
1471 4187 1538 4239 sunt

359 4268 441 4323 facile
463 4273 674 4339 cognoscuntur.
721 4269 767 4325 sic
789 4274 816 4325 Λ
842 4274 891 4326 307
915 4274 944 4340 (η
966 4274 1061 4341 διπλῆ)
1083 4260 1127 4325 ὅτι
1150 4271 1186 4326 τὸ
1208 4268 1297 4342 τρόφι
1320 4263 1458 4339 ἀποκοπῇ
1485 4275 1538 4324 τοῦ

360 4348 506 4425 τρόφιμον
529 4349 741 4426 ὁἩριοδιανός
758 4372 847 4426 φησιν
864 4387 905 4410 -.
923 4354 976 4410 Bic
998 4355 1088 4415 crede.
1106 4354 1130 4409 si
1147 4354 1247 4425 placet,
1271 4355 1307 4409 ab
1325 4354 1483 4410 Aristonico
1501 4354 1537 4410 ci-
