3425 4934
345 353 386 414 30
630 342 650 394 1.
670 340 711 395 De
728 339 851 395 fontibus
869 341 1012 396 doctrinae
1032 344 1229 400 Anetareheae.

345 504 412 587 ἐΰς·
434 508 521 587 τινὲς
536 507 573 574 δὲ
595 503 650 595 ὑφ’
676 502 712 573 ἓν
730 501 917 591 ἀνέγνωσαν
939 503 985 586 ὡς
1007 502 1183 588 Ἐτεωνεύς.
1236 514 1266 575 Β
1294 518 1354 580 662
1383 512 1514 577 Πτολε-

343 613 443 700 μαῖός
464 637 567 703 φησιν
594 609 613 683 ὁ
638 609 886 702 Ἀσκαλωνίτης
909 611 1123 704 Ἀρίσταρχον
1147 612 1366 702 ἀνεγνωκέναι
1389 613 1515 702 ὁμοίως

273 728 276 735 “
342 728 390 810 τῷ
413 719 518 803 ‚direct
536 723 596 789 οὐν
621 716 784 811 οὐλομένῃ
813 717 949 811 ἀλόχῳα
976 725 1009 808 (λ
1029 730 1102 809 410)
1129 724 1213 789 κατὰ
1237 722 1403 814 ουοτολήν.
1448 733 1514 791 Tv-

343 828 484 917 ραννίων
513 828 550 896 δὲ
578 824 648 896 κατ’
677 826 815 897 ἔκτασιν.
863 833 1014 898 Fortasse
1036 833 1174 899 debebat
1194 837 1321 922 saepius
1340 833 1514 920 Didymum

342 941 509 1025 inspicere.

426 1047 629 1113 Herodienea
660 1047 783 1112 scholia
808 1047 901 1111 facile
927 1048 1033 1113 colore
1059 1071 1117 1113 suo
1151 1055 1379 1135 agnoscuntur.
1423 1051 1513 1129 Quae

343 1157 505 1221 veteribus
522 1156 624 1220 dictae
638 1154 808 1238 prosodiae
829 1155 950 1219 nemini
970 1156 1181 1240 incognitum.
1216 1157 1306 1244 Ergo
1328 1160 1514 1244 ubicunque

343 1263 452 1348 alique
477 1264 511 1327 in
532 1262 675 1328 Homero
696 1284 758 1326 vox
779 1267 877 1342 esset,
898 1262 988 1327 cuius
1010 1263 1049 1327 de
1071 1269 1165 1340 tono,
1188 1287 1283 1346 sono,
1308 1267 1514 1352 passionibus

344 1371 483 1436 dubitari
502 1375 535 1435 et
550 1370 705 1454 disputari
727 1392 809 1454 opus
831 1373 924 1447 esset,
946 1393 1016 1434 eam
1038 1393 1186 1437 versuum
1210 1374 1354 1439 ordinem
1375 1398 1515 1460 sequens

342 1478 512 1556 illustrare,
535 1478 673 1557 aliorum,
685 1477 861 1543 sententias
875 1476 927 1542 vel
940 1479 1077 1561 probare
1091 1479 1142 1544 vel
1159 1482 1338 1565 reprobare,
1360 1505 1417 1547 sua
1434 1506 1513 1550 eon·

343 1585 477 1651 firmare.
520 1584 688 1650 Summum
709 1585 899 1669 magistrum
921 1585 1140 1651 Aristarchum
1167 1588 1352 1673 saepissime
1372 1591 1512 1674 respicit,

344 1694 523 1758 assentiens
544 1693 578 1756 in
601 1691 775 1777 plerisque,
802 1714 875 1757 raro
898 1695 931 1755 et
950 1694 1127 1758 verecunde
1149 1695 1350 1761 dissentiens.
1384 1696 1513 1782 Saepis-

343 1801 423 1865 sime
449 1801 479 1865 ei
500 1822 552 1865 ree
580 1802 629 1863 est
655 1821 728 1865 cum
750 1797 937 1884 Tryphone,
965 1798 1135 1875 Alexione,
1164 1801 1365 1881 Ptolemaeo,
1393 1802 1514 1889 Tyran-

343 1908 449 1986 nione,
469 1905 571 1985 Nicia,
590 1905 760 1991 Pamphilo
782 1909 890 1990 (quem
906 1929 968 1993 ego
990 1930 1056 1973 non
1079 1909 1192 1975 dubito
1213 1909 1321 1993 ipsum
1332 1904 1514 1998 Ὁμηρικὴν

342 2009 535 2100 προσῳδίαν
556 2014 720 2098 scripsisse
732 2015 788 2097 ¹³),
810 2013 1001 2099 Hermapia,
1022 2017 1106 2082 aliis:
1142 2017 1261 2082 etenim
1293 2018 1513 2084 doctissimum

344 2144 425 2208 opus
447 2126 505 2187 est.
544 2121 695 2187 Ceterum
719 2121 771 2187 vel
791 2123 949 2187 sermonis
971 2127 1004 2188 et
1028 2123 1274 2209 terminologiae
1295 2125 1330 2187 in
1350 2124 1514 2210 plerisque

287 2282 290 2285 .
342 2229 556 2296 Herodianeis
571 2250 654 2293 unus
671 2229 823 2314 idemque
845 2229 942 2309 color,
963 2234 1001 2295 ut
1021 2253 1088 2295 non
1111 2231 1243 2295 dubium
1266 2233 1316 2309 sit.
1337 2254 1419 2315 quae
1441 2234 1513 2317 qui-

343 2337 416 2402 dem
438 2336 596 2421 excerpsit
617 2335 811 2421 epitomator
829 2338 864 2401 in
884 2337 935 2401 his
952 2337 1114 2423 plerisque
1135 2339 1205 2423 ipsa
1219 2337 1395 2403 Herodiani
1416 2342 1515 2405 verba

342 2465 492 2509 servasse.
533 2441 618 2508 Nam
642 2443 694 2509 rel
725 2445 759 2508 in
784 2443 950 2529 particulis
981 2445 1174 2529 agnoscitur.
1225 2444 1278 2511 Sic
1305 2439 1349 2521 ὡς
1376 2442 1429 2511 ὅτι
1455 2469 1513 2532 pro

343 2547 411 2630 ὅτι,
439 2551 526 2636 quod
547 2550 581 2615 in
602 2551 736 2637 reliquis
757 2551 890 2616 scholiis
911 2551 998 2617 haud
1017 2552 1170 2636 frequens
1192 2554 1242 2634 (ut
1263 2560 1291 2614 Δ
1311 2559 1379 2622 539.
1408 2557 1427 2615 I
1444 2561 1513 2622 626.

343 2663 380 2722 X
398 2661 482 2741 447),
502 2658 691 2724 creberrime
711 2660 746 2723 in
767 2658 980 2724 Herodianeis
1001 2661 1144 2736 recurrit,
1166 2665 1205 2724 A
1225 2668 1292 2730 129.
1307 2668 1377 2730 264.
1401 2665 1430 2724 Β
1445 2668 1512 2729 592.

344 2772 413 2834 831.
436 2769 466 2828 Γ
484 2771 554 2834 280.
575 2768 607 2830 Δ
628 2772 698 2834 228.
722 2768 837 2835 Ε283.
860 2773 929 2833 297.
959 2767 989 2830 Θ
1013 2774 1079 2833 109.
1107 2773 1174 2836 178.
1205 2771 1225 2831 Ι
1243 2776 1271 2838 6.
1292 2775 1362 2838 392.
1385 2773 1424 2832 Λ
1444 2777 1514 2837 454.

343 2877 412 2941 636.
440 2881 509 2940 754.
541 2876 580 2936 Μ
600 2880 649 2942 26.
682 2879 716 2936 Ν
733 2880 773 2942 29
798 2875 859 2939 bis.
883 2879 949 2941 191.
982 2870 1015 2941 Ξ
1033 2880 1103 2943 340.
1139 2880 1166 2936 Υ
1185 2881 1245 2943 234
1273 2880 1308 2958 (μ
1330 2884 1380 2945 22.
1402 2899 1428 2964 φ
1450 2882 1513 2960 27).

343 2981 498 3046 Attamen
512 2982 679 3068 ingentem
693 2982 849 3046 iacturam
870 2980 1013 3046 fecimus.
1048 2981 1135 3047 Nam
1155 2985 1293 3068 primum
1315 3006 1380 3049 non
1405 2986 1514 3049 omnia

344 3089 509 3172 excerpsit,
534 3093 571 3153 ut
584 3089 654 3173 ipse
672 3088 845 3175 significat:
868 3085 1069 3171 παράκειται
1090 3125 1130 3134 -
1149 3090 1225 3156 τινὰ
1247 3088 1353 3179 ἕντῆς
1372 3085 1515 3180 Ἰλιακῇς

343 3189 536 3280 προσῳδίας
546 3190 766 3277 Ἡρωδιανοῦ,
789 3199 823 3261 et
836 3199 926 3281 patet
943 3218 981 3260 ex
1000 3197 1072 3281 ipso
1086 3197 1279 3266 Herodiano.
1316 3198 1369 3265 Sic
1384 3223 1423 3265 ex
1445 3201 1513 3265 eius

342 3306 421 3369 nota
442 3303 482 3368 ed
507 3304 537 3367 Θ
557 3306 617 3371 355
639 3307 729 3388 patet
750 3302 904 3369 excidisse
926 3308 1038 3369 notam
1059 3308 1100 3371 ad
1121 3312 1159 3370 A
1174 3312 1248 3385 5733
1270 3331 1309 3373 ex
1334 3311 1437 3375 Β427
1459 3330 1513 3373 ex-

278 3430 332 3502 (35)
345 3410 460 3475 cidisse
486 3411 527 3475 ed
552 3416 591 3475 A
616 3418 656 3478 40
683 3412 778 3495 (quae
807 3414 886 3475 nota
907 3417 1032 3477 servata
1058 3413 1165 3478 estin
1192 3413 1442 3500 Etymologieo);
1474 3437 1513 3480 ex

346 3520 373 3580 Β
396 3522 456 3585 648
478 3517 632 3583 excidisse
656 3520 683 3580 B
705 3523 778 3595 5333
805 3541 844 3583 ex
865 3521 905 3581 A
923 3524 983 3587 385
1006 3521 1160 3586 excidisse
1183 3524 1215 3585 A
1237 3529 1310 3602 1093
1331 3545 1370 3588 ex
1390 3526 1430 3584 A
1451 3528 1513 3590 409

343 3624 497 3689 excidisse
520 3626 550 3687 B
568 3630 637 3693 346.
661 3625 699 3690 cf.
721 3627 764 3688 M
776 3632 845 3692 205.
869 3629 905 3688 Ν
916 3633 965 3693 71.
1001 3626 1126 3693 Deinde
1146 3651 1187 3693 ne
1210 3651 1248 3694 ea
1271 3631 1409 3714 quidem,
1430 3652 1513 3714 quae

343 3732 505 3817 apposuit,
526 3732 633 3797 omnia
653 3733 781 3819 integre
803 3733 904 3811 dedit3
933 3734 989 3798 sed
1011 3736 1120 3799 omisit
1144 3736 1171 3800 si
1193 3760 1257 3821 qua
1277 3760 1401 3802 annexa
1422 3741 1514 3802 erant

300 3865 332 3917 30
345 3862 427 3923 quae
441 3838 492 3905 vel
505 3839 654 3924 longiora
674 3840 724 3904 vel
745 3862 818 3905 cum
838 3863 873 3905 re
895 3841 1001 3905 minus
1023 3841 1192 3908 cohaerere
1213 3845 1405 3910 viderentur.
1433 3843 1513 3911 'Hoc

343 3967 577 4031 nonnunquam
609 3947 759 4014 deficiens
790 3971 931 4013 conexus
959 3950 1081 4032 prodit,
1110 3970 1342 4036 nonnunquam
1373 3952 1436 4017 alie
1462 3952 1513 4016 vie

342 4057 446 4138 patet,
477 4076 503 4120 e.
526 4075 558 4140 g.
580 4053 756 4120 Herodieni
783 4060 895 4121 notam
918 4056 959 4121 ed
980 4053 1070 4125 Ξ21
1093 4063 1243 4143 exparte
1264 4062 1390 4124 tautum
1411 4082 1512 4145 eppo·

344 4159 439 4224 sitam
459 4182 529 4226 esse
549 4165 640 4246 patet
663 4185 702 4227 ex
727 4165 758 4225 Φ
777 4169 847 4231 279.

411 4392 436 4434 ¹³
453 4391 522 4447 Dico
540 4393 594 4448 hoc
611 4397 727 4464 propter
744 4393 893 4463 Runlrium,
912 4396 947 4450 de
965 4396 1017 4451 lex.
1036 4397 1153 4467 Hesyeh.
1172 4399 1240 4467 orig.
1258 4417 1285 4468 p.
1305 4403 1361 4453 126.
