3425 4934
355 312 415 376 318
802 302 849 363 IV.
873 307 914 365 De
931 307 1068 379 prosodia.

354 471 416 540 κόν
441 469 479 537 τδ
501 468 555 539 όιι
575 474 655 560 (leg.
678 470 698 540 ό
717 497 750 538 τι
770 496 844 542 enm
866 477 904 543 R.
924 474 1151 559 Schneidero>‚
1181 468 1287 562 σαφὲς
1311 472 1434 537 ποιοῦν
1460 462 1524 534 κάκ

354 584 414 647 τοῦ
434 575 632 662 πνεύματος,
656 580 748 650 καθὸ
769 580 853 671 μίση
875 578 896 671 ἡ
919 583 1045 650 δασεῖα.
1068 584 1106 649 δε
1129 582 1198 648 adv.
1214 586 1284 659 612,
1304 586 1342 648 12
1361 573 1415 644 ότι
1435 600 1526 660 πρω·

354 680 498 754 τότυπόν
520 683 590 755 ἐστι
609 691 675 753 τῶν
696 683 744 768 είς
763 713 810 768 ως
830 683 995 776 ληγόντων
1021 689 1060 756 τὸ
1084 685 1160 768 ἕως,
1190 687 1310 775 δῆλον,
1339 680 1377 751 οδ
1399 681 1466 772 μὴν
1486 682 1525 750 τό

356 789 577 879 ἰσοδυναμοῦν
598 789 685 876 εἷσό,
712 795 804 865 καθὸ
826 795 884 863 καί
905 795 940 865 έν
959 793 1045 885 τόνῳ
1068 795 1126 863 καὶ
1145 794 1180 863 δν
1201 790 1364 879 πνεύματι
1386 785 1526 860 ἐπιστά-

355 923 439 979 σεως
460 898 584 970 ἐδέετο·
615 900 650 969 έν
673 898 839 987 πνεόματι
858 902 918 989 μὲν
940 897 1014 984 οὖν,
1048 901 1094 984 ιίις
1119 896 1282 970 άδόνατόν
1310 900 1380 968 ἐστι
1405 899 1466 988 τὴν
1491 896 1526 965 ἐν

357 1003 522 1096 φωνήεντι
547 1009 684 1077 δασεῖαν
709 1008 767 1079 ἐπί
790 1009 907 1091 τέλους
934 1006 1105 1098 εόρέσθαι.
1154 1012 1200 1081 Gi
1226 1016 1309 1098 synt.
1335 1034 1366 1096 p.
1389 1015 1465 1089 333,
1488 1016 1526 1077 10

357 1110 537 1183 ἑνοκλίνετο
563 1112 625 1202 γὰρ
652 1122 706 1202 (se.
727 1121 762 1185 in
784 1113 869 1205 οίοό)
894 1116 915 1208 ἡ
942 1117 1110 1205 πρόθεσις
1134 1116 1172 1201 ἐξ
1197 1111 1308 1199 ὀξείας
1331 1111 1459 1193 τάσεως
1480 1107 1527 1194 είς

355 1218 549 1310 παράθεσιν
577 1224 922 1316 παραλαμβανομένη,
958 1226 1042 1314 ὅπερ
1074 1219 1310 1310 παρεπόμενόν
1338 1222 1408 1291 ἒοτι
1436 1218 1527 1311 πάσῃ

355 1330 534 1416 προθέσει·
559 1325 680 1415 μόριόν
699 1355 736 1398 τε
755 1333 793 1401 τδ
817 1358 836 1403 ο
857 1328 997 1417 ὠξόνετο
1018 1337 1102 1421 μετὰ
1124 1338 1185 1402 τοῦ
1205 1329 1359 1412 συνόντος
1379 1324 1528 1415 πνεόμα·

356 1463 423 1519 τος,
448 1430 469 1507 ό
485 1435 719 1525 παρεπόμενον
731 1433 774 1529 ἦν
787 1439 880 1532 πάσῃ
895 1441 982 1526 λέξει
997 1439 1057 1512 οὐκ
1075 1438 1192 1530 έχοόοῃ
1206 1440 1274 1526 πρὸ
1289 1436 1393 1528 αὑτῆς
1413 1435 1526 1524 ἑτέραν

274 1555 346 1630 (³³7)
357 1545 453 1629 λέξιν.
484 1546 603 1617 Nonne
617 1549 697 1617 haee
712 1554 799 1617 certo
814 1556 975 1620 testantur
988 1553 1022 1619 in
1042 1576 1116 1619 vere
1138 1551 1326 1637 compositis
1346 1571 1414 1615 non
1436 1549 1528 1614 audi·

355 1662 426 1723 tum
450 1657 550 1724 fuisse
576 1659 746 1744 spiritum?
781 1658 901 1727 Nonne
930 1660 1103 1727 clarissime
1131 1661 1254 1727 dixerat
1273 1660 1308 1724 in
1330 1652 1419 1722 διότι
1440 1657 1468 1723 si
1489 1678 1528 1723 ex

356 1765 512 1850 particula
532 1758 585 1829 ότι
605 1764 727 1832 fantum
749 1771 850 1848 esset,
871 1769 919 1835 ita
939 1773 976 1834 ut
996 1791 1071 1835 vera
1093 1767 1284 1853 compositio
1306 1768 1392 1832 esset
1413 1764 1473 1846 (nti
1493 1764 1528 1829 in

357 1870 589 1959 ἐπίπροσθεν),
610 1894 676 1939 non
699 1874 803 1940 audiri
825 1876 973 1944 debuisse
995 1876 1164 1963 spiritum?
1185 1875 1249 1943 Sed
1269 1875 1304 1939 in
1326 1872 1528 1958 appositione

357 1978 492 2065 requirit
512 1980 749 2065 aspirationem.
793 1982 838 2049 cf.
861 1984 901 2050 de
922 1985 991 2050 adv.
1015 1990 1088 2064 537,
1111 1990 1161 2053 29.
1201 1983 1251 2049 Ι)ο
1272 1976 1328 2047 διδ
1348 1981 1420 2047 vide
1443 2001 1526 2065 quae

281 2144 284 2151 ,
357 2087 451 2172 plane
473 2088 617 2154 cumbis
639 2088 847 2157 consentiunt
868 2093 954 2177 apud
975 2091 1075 2158 schot
1096 2092 1192 2159 Dion.
1213 2115 1244 2177 p.
1265 2095 1334 2170 967,
1355 2094 1406 2156 25.

439 2307 503 2386 §o
539 2304 677 2373 Deduoti
700 2328 810 2373 sumus
830 2307 878 2374 ad·
893 2309 990 2375 huius
1005 2306 1232 2394 disputationis
1253 2309 1351 2391 ceput
1370 2303 1528 2371 ultimum.

358 2411 421 2478 Hie
435 2411 622 2479 nitebantur
634 2416 909 2499 pronuntiatione.
946 2415 1172 2502 Colligendum
1191 2414 1286 2492 enim,
1309 2414 1388 2499 quid
1406 2415 1530 2479 veteres

360 2518 529 2585 docuerint
554 2520 594 2587 de
621 2522 903 2608 interaspir'stione
927 2525 962 2589 iu
988 2523 1153 2590 vocabulis
1184 2522 1393 2607 simplicibus.
1442 2520 1531 2586 Bene

296 2638 344 2691 stt
361 2626 482 2693 factum
497 2628 584 2712 quod
599 2628 941 2698 excellentissimorum
954 2632 1238 2719 grammaticorum
1252 2630 1379 2696 disertis
1393 2629 1442 2695 uti
1456 2627 1532 2693 lieet

360 2734 562 2801 testimoniis.
605 2736 800 2822 Apollonius
824 2739 983 2825 Dyscolus
1015 2743 1096 2825 synt.
1130 2762 1162 2825 p.
1192 2745 1268 2818 319,
1297 2744 1335 2806 19
1362 2730 1531 2822 πρόδηλον

361 2840 422 2928 γὰρ
437 2835 502 2907 κάκ
515 2845 575 2931 τῆς
589 2840 747 2931 συνούσης
766 2842 904 2925 δασείας
923 2841 971 2925 ὡς
991 2840 1050 2927 οὐχ
1070 2840 1107 2912 ἓν
1125 2841 1257 2911 ἁπλοῦν
1278 2841 1348 2910 εὀτι
1367 2843 1406 2908 τδ
1430 2834 1530 2917 διότι,

360 2948 451 3016 καθὸ
466 2943 506 3016 οδ
523 2946 788 3040 παρεμπίπτειὴ
812 2949 848 3019 έν
867 2956 939 3032 τοῖς
959 2953 1106 3044 φωνήεσι
1129 2952 1246 3019 δασεῖα
1266 2948 1302 3017 έν
1321 2948 1442 3034 μέσοις
1460 2951 1534 3026 ταῖς

361 3053 502 3137 λέξεσιν,
532 3048 627 3124 ἕνεκα
653 3062 712 3126 τοῦ
733 3054 887 3128 τοιούτου
913 3057 1186 3149 σεσημειωμένων
1211 3053 1257 3139 οἷς
1279 3053 1410 3143 ἀλόγων
1430 3051 1533 3124 όντων

360 3157 474 3251 ἢάπδ
495 3170 702 3256 Λακωνικῆς
728 3165 906 3236 διαλέκτου
930 3156 1240 3256 πορεισδεδυκότων
1267 3161 1314 3244 είς
1340 3163 1404 3243 τὰς
1427 3157 1534 3241 άλλας

361 3268 566 3353 διαλέκτους,
602 3269 686 3360 ὑπὲρ
717 3264 763 3341 ὦν
797 3274 833 3343 όν
863 3280 912 3364 τῷ
946 3276 1024 3362 περὶ
1058 3270 1255 3361 πνευμάτων
1289 3266 1533 3362 ἠκριβάσαμεν.

361 3371 434 3444 ἀλλ’
463 3374 501 3447 od
533 3375 628 3451 τοῦτό
657 3407 746 3473 φημι
771 3378 931 3472 αόταρκες
956 3378 1044 3451 διότι
1073 3379 1267 3451 συνεστάναι
1295 3379 1332 3448 ἐκ
1360 3372 1534 3471 διαφόρων

360 3491 470 3572 μερῶν
482 3492 542 3555 τοῦ
556 3485 668 3575 λόγου,
692 3486 767 3557 ἐπεὶ
785 3486 881 3560 οὐδὲν
895 3486 1021 3560 ἐκώλυε
1040 3496 1111 3571 τοῖς
1130 3486 1410 3579 σεσημειωμένοις
1430 3485 1534 3571 όμοια

363 3590 446 3661 αὐτὰ
469 3592 719 3679 καθίστασθαι,
746 3604 795 3687 τῷ
816 3593 892 3666 εὐοῖ
910 3601 984 3685 (hoo
1006 3602 1091 3669 eninr
1113 3604 1247 3668 accentu
1267 3623 1335 3667 non
1356 3587 1430 3664 ιόοί
1447 3602 1535 3664 reete
1569 3640 1571 3649 ,

362 3705 459 3770 scribi
474 3706 692 3775 demonstrare
710 3714 844 3776 oonetns
866 3714 916 3777 est
928 3706 1080 3797 Uhligius
1100 3710 1136 3776 in
1150 3709 1264 3776 Museo
1278 3707 1435 3774 Rhenano
1449 3703 1534 3771 Nov.

363 3811 393 3879 S.
410 3810 484 3879 XIX
502 3837 531 3900 p.
547 3817 669 3901 dnm),
689 3807 755 3882 εἶεν
774 3814 832 3882 καί
850 3811 901 3883 ἔτι
920 3821 967 3903 τῷ
986 3810 1065 3901 παρ’
1085 3810 1249 3894 Ἀττικοῖς
1271 3802 1368 3892 ταῶς.
1404 3814 1535 3893 Quaeri·

363 3924 416 3986 tur
435 3924 512 4006 quid
533 3925 576 3989 sit
597 3915 671 3990 εἶεν.
704 3925 895 3992 Putaremm
918 3918 1006 3993 εδδίν.
1043 3925 1107 3993 Sed
1120 3924 1272 4012 Ubligius
1286 3923 1309 3988 1.
1325 3922 1347 3991 l.
1369 3944 1400 4007 p.
1416 3927 1455 3990 33
1478 3921 1533 3987 de·

365 4032 543 4096 monstrare
570 4037 704 4101 conatur
725 4023 790 4099 εἶὲν
811 4033 1016 4100 scribendum
1037 4055 1118 4112 esse,
1138 4034 1159 4101 i.
1182 4055 1209 4101 e.
1232 4035 1347 4097 notum
1367 4029 1449 4095 illud
1469 4019 1546 4093 εἶεν

366 4140 448 4203 esto!
471 4124 550 4204 >num
568 4138 630 4209 hoe
652 4139 749 4207 etiam
770 4142 804 4206 in
825 4141 1058 4227 intersopiratis
1083 4141 1167 4207 ferri.
1204 4138 1359 4224 Reliquas
1381 4138 1535 4205 dialectos

434 4372 490 4416 Μ)
509 4373 562 4443 (cf.
581 4373 700 4431 eundem
718 4373 748 4430 in
765 4372 936 4430 Fleckeissni
953 4375 1052 4435 Annei
1071 4374 1156 4431 cxxl
1176 4380 1241 4432 1880
1259 4390 1286 4445 p.
1305 4378 1354 4431 ’139
1371 4373 1444 4442 sqq.)
