3425 4934
660 332 684 384 3.
708 326 854 398 ἐπίουρος.
1287 344 1344 405 109

177 489 267 573 λων),
281 487 489 575 μετάγγελος,
510 486 700 582 ὑφηνίοχος,
721 487 929 578 δποδμοίςδῖ.
964 496 1088 575 Quibus
1109 500 1255 585 proxima
1269 506 1345 567 sunt

176 591 399 685 ἐπιμάρτυρος
424 602 477 683 (Η
493 606 543 668 76.
570 622 592 664 α
612 605 693 685 273).
735 602 782 669 cf.
809 603 960 688 Apollon.
987 604 1048 672 Rh.
1073 605 1121 671 IV
1146 613 1207 676 229
1234 611 1344 675 κακῶν

175 700 404 792 ἐπιμάρτυρας
423 701 533 793 ἔργων.
569 707 678 777 Nonn.
700 709 802 776 XLVI
822 718 863 779 29
885 708 942 776 καί
962 707 1112 796 κρυφίων
1133 709 1253 794 λεχέων
1274 711 1346 781 ἐπι-

174 806 339 900 μάρτυρές
364 807 430 880 εἶσι
462 811 624 901 κεραυνοί.
677 811 896 899 ἐπιποιμένες
926 819 985 887 Od.
1014 841 1040 900 μ
1069 824 1136 888 131.
1176 821 1271 900 Quod
1297 829 1346 891 est

176 944 190 986 ι
211 929 271 993 2711
292 920 378 1000 Ζεὺς
407 917 439 988 δ’
469 918 715 1009 ἐπιτιμήτωρ
741 919 880 990 ίκετάων
904 948 940 990 τε
965 921 1080 1006 ξείνων
1102 950 1140 992 τε
1165 932 1345 1014 putaverim

176 1031 216 1096 ad
242 1030 330 1097 idem
353 1052 456 1119 genus
477 1032 682 1099 referendum
704 1056 787 1113 esse,
816 1056 890 1100 cum
919 1039 1005 1101 certe
1028 1036 1161 1102 verbum
1187 1033 1347 1120 ἐπιτιμᾶν

175 1139 318 1205 Homero
339 1140 490 1227 ignotum
508 1141 560 1222 sit,
579 1135 661 1226 τιμή
681 1163 756 1206 vero
778 1142 920 1208 vindicta
939 1142 1105 1211 familiare.
1141 1145 1289 1230 Denique
1309 1147 1344 1211 in

175 1268 307 1313 censum
327 1248 416 1313 venit
436 1243 612 1329 ἐπιΐστωρ,
642 1270 668 1336 φ
688 1254 730 1317 26
751 1240 843 1335 φῶθ’
868 1243 1059 1337 Ἡρακλῆα,
1080 1249 1233 1335 μεγάλων
1254 1249 1346 1318 ἐπιί-

175 1374 278 1438 στορα
291 1347 403 1439 ἔργων.
423 1353 566 1442 Simplex
579 1349 680 1441 ἴστωρ
697 1360 755 1437 est,
776 1357 865 1442 quod
878 1380 928 1444 ap.
941 1358 1074 1427 Homer.
1100 1362 1130 1422 Σ
1141 1367 1212 1429 501.
1238 1362 1271 1424 Ψ
1283 1368 1345 1430 486

174 1465 291 1528 testem
318 1461 494 1547 significat,
525 1485 591 1528 non
619 1464 705 1548 quod
731 1463 861 1532 Passov.
889 1465 973 1546 vult,
1005 1467 1170 1532 arbitrum.
1211 1467 1345 1553 Proprie

174 1569 337 1656 signifieat
351 1592 496 1657 gnarum,
517 1574 554 1636 ut
567 1570 675 1656 hymn.
696 1571 730 1635 in
743 1571 867 1639 Lunam
880 1572 997 1640 XXXII
1014 1581 1034 1642 2
1054 1569 1213 1661 ἡδυεπεῖς
1226 1579 1345 1660 κοῦραι

174 1672 348 1759 Κρονίδεω
378 1672 478 1757 Διός,
511 1671 640 1763 ἴστορες
667 1669 766 1765 ᾠδῆς.
817 1680 894 1747 Hes.
928 1681 986 1766 Op.
1014 1688 1074 1751 792
1104 1674 1216 1747 εἰκάδι
1246 1676 1279 1748 δ’
1312 1681 1347 1749 ἐν

173 1779 302 1874 μεγάλῃ
322 1780 418 1872 πλέῳ
437 1777 543 1872 ἤματι
557 1779 675 1872 ἴστορα
696 1789 793 1875 φῶτα
815 1783 1009 1869 γείνασθαι·
1031 1783 1124 1871 μάλα
1139 1783 1200 1876 γάρ
1219 1814 1255 1856 τε
1269 1784 1347 1857 νόον

173 1888 431 1975 πεπυκασμένος
451 1889 547 1961 ἐστίν.
584 1894 683 1980 Soph.
708 1894 759 1963 El.
781 1900 842 1965 846
867 1888 960 1980 κάγὼ
985 1889 1079 1961 τοῦδ’
1105 1889 1220 1982 ἴστωρ,
1247 1892 1346 1984 ὑπερ-

176 1995 286 2085 ίστωρ.
329 2000 415 2067 ΙΠυδ
432 1996 586 2086 μεγάλων
605 1998 782 2088 ἐπιίστορα
803 1996 906 2087 ἐργων
927 2026 993 2069 non
1015 2027 1089 2070 cum
1109 2007 1270 2073 veteribus
1292 2030 1346 2071 ex-

175 2109 261 2196 plico
297 2130 490 2197 magnorum
520 2109 667 2176 laborum
691 2131 828 2195 gnarum
853 2113 893 2195 (v.
919 2112 1024 2180 Strab.
1050 2112 1066 2179 Ι
1093 2136 1124 2198 p.
1148 2115 1195 2196 9),
1229 2114 1344 2179 sedin

175 2218 309 2285 crimine
339 2221 396 2302 (sc.
421 2217 586 2303 Autolyci,
619 2220 674 2303 qui
700 2242 799 2304 equas
825 2221 1037 2306 surripuerat,
1073 2222 1186 2287 deinde
1213 2221 1346 2288 Herculi

175 2325 375 2409 vendiderat)
400 2326 611 2393 conscium⁵⁸.
650 2327 722 2392 Hoc
744 2323 903 2413 ἐπιίστωρ
924 2351 983 2414 pro
1004 2330 1160 2414 „pentum
1179 2333 1345 2395 mutuatus

176 2439 225 2501 est
245 2433 400 2520 Apollon.
421 2431 606 2502 1187er
630 2441 708 2503 1558
730 2436 837 2521 (νηῶν,
859 2428 997 2520 πόντου)
1018 2459 1077 2521 pro
1095 2438 1278 2516 ,‚conscius“
1298 2435 1346 2504 IV

178 2550 228 2623 16,
258 2564 318 2627 pro
343 2542 469 2620 „testis“
496 2539 543 2606 IV
564 2546 613 2609 89.
641 2579 680 2589 -
709 2540 768 2620 Qu.
790 2542 854 2609 Sna
881 2547 914 2608 Γ
930 2549 991 2613 263
1020 2537 1116 2626 άνδρί
1141 2539 1345 2631 πολυκμήτῳ

173 2653 320 2737 μογερῆς
338 2645 506 2733 ἐπιίστορι
524 2643 641 2735 θήρης·
676 2649 749 2715 Ηοο
770 2673 837 2716 non
859 2652 1081 2732 dubitandum,
1102 2653 1180 2737 quin
1202 2647 1346 2734 ἐπαμύν-

173 2782 239 2842 τωρ
268 2781 296 2822 π
316 2762 377 2827 263
403 2760 437 2824 et
463 2779 503 2823 ex
527 2756 706 2824 Aristarchi
730 2757 870 2824 lectione
896 2762 932 2821 N
950 2764 1011 2828 384
1039 2751 1120 2845 ἦλθ’
1150 2753 1345 2843 ἐπαμύντωρ

174 2889 232 2953 pro
253 2856 364 2953 ἦλθεν
384 2857 535 2948 άμύντωρ
558 2865 659 2949 (quod
679 2868 786 2930 tumen
809 2860 917 2934 Ξ449
937 2870 970 2931 et
995 2868 1102 2934 0540
1128 2866 1169 2932 ab
1191 2891 1229 2933 eo
1252 2868 1345 2934 aliter
1356 2881 1428 2951 (117)

174 2976 331 3060 scriptum
353 2994 511 3039 essenon
533 2972 699 3055 nuditum)
721 2977 753 3039 et
775 2967 950 3057 ἐπαρωγός
971 2971 991 3036 λ
1013 2980 1074 3043 498
1095 2979 1181 3040 recte
1203 2976 1344 3041 diceren-

174 3088 239 3163 tur,
271 3080 397 3147 etiamsi
428 3080 480 3144 his
512 3081 609 3145 verba
636 3081 816 3166 composita
847 3076 1041 3162 ἐπαμύνειν,
1076 3075 1256 3167 ἐπαρήγειν
1281 3103 1346 3146 non

173 3192 321 3257 subiecta
342 3191 458 3253 essent.
508 3186 555 3254 Of.
578 3190 609 3250 Δ
629 3192 690 3255 235
717 3181 755 3252 οὐ
782 3185 844 3272 γάρ
870 3184 928 3253 ἐπὶ
948 3182 1110 3276 ψεύδεσσι
1131 3185 1242 3275 πατὴρ
1264 3185 1348 3265 Ζεδς

173 3289 274 3363 ἔσσετ’
301 3286 475 3380 άρωγόςῦθ.
495 3331 538 3342 -
557 3287 703 3381 Ὀτιηδός
724 3298 773 3360 est
794 3297 902 3380 hymn.
924 3295 1021 3362 Mero.
1043 3303 1114 3366 450.
1148 3289 1344 3382 συνοπηδός,

173 3396 366 3479 συνοπαδός
385 3403 527 3487 antiqua
563 3401 708 3468 Verbum
727 3402 924 3489 ουνοπηδείν
945 3404 995 3469 vel
1015 3406 1124 3490 potius
1146 3403 1347 3470 συνοπαδεῖν

173 3538 212 3582 cx
232 3511 422 3601 Byzantinis
444 3509 583 3576 affertur.
618 3502 796 3574 συνοπάων
817 3510 916 3596 Orph.
937 3511 1045 3597 hymn.
1066 3512 1153 3578 XXX
1173 3520 1201 3580 5.

253 3618 363 3695 Nihil,
384 3621 422 3682 ut
446 3617 525 3683 haec
552 3617 727 3703 stringam,
752 3619 837 3703 apud
863 3618 1041 3684 Homerum
1066 3618 1221 3687 incertius
1249 3643 1346 3706 quam
1364 3636 1412 3689 110

174 3730 332 3801 eiusmodi
358 3725 560 3793 substantiva
583 3747 652 3790 rem
682 3725 864 3791 indicantia
905 3721 1114 3812 Ὕπόκυκλα,
1147 3732 1184 3793 ut
1216 3729 1346 3813 quidam

241 3968 266 4009 ⁶⁷
284 3964 417 4021 Imitatus
442 3966 485 4020 cst
506 3964 598 4048 Metro
620 3965 687 4019 Ath.
709 3962 749 4019 IV
772 3965 837 4021 ¹35¹
862 3956 1034 4036 κυανόχρως
1054 3957 1084 4020 δ’
1106 3958 1192 4035 άμίας
1214 3962 1264 4024 ἐπὶ
1280 3974 1344 4032 τοῖς

172 4051 275 4124 μέγας,
294 4040 365 4106 dore
380 4043 531 4119 θαλάσσης
548 4065 641 4119 πασης
657 4045 768 4120 βένθεα
785 4041 857 4115 οἶδε,
874 4038 1083 4116 Ποσειδάωνος
1099 4043 1248 4119 άποδμοίς.

239 4139 266 4179 ⁵⁸
282 4133 361 4205 μίγα
383 4128 473 4205 ἔργον
493 4132 769 4189 εοε]εε1ιιω’1υοίυυε
785 4152 804 4202 γ
822 4137 881 4188 261.
898 4164 933 4175 -
948 4138 1049 4190 κακῶν
1065 4129 1234 4207 ἐπιίστορας
1251 4132 1348 4207 ἔργον

174 4220 239 4290 „qui
254 4218 311 4275 nti
327 4215 430 4274 conscii
447 4219 528 4271 sunr‘
546 4217 619 4273 dixit
635 4216 755 4284 Quintus
772 4217 836 4271 XIII
855 4222 912 4273 379.

239 4308 267 4348 ⁵⁹
282 4296 462 4375 Ἐπαρηγαίν,
479 4302 554 4370 quod
569 4303 706 4358 Homerus
720 4319 778 4357 non
795 4301 890 4372 habet,
908 4303 985 4373 apud
995 4303 1175 4375 Apollonium
1192 4305 1235 4359 cst
1246 4303 1258 4357 I
1271 4309 1345 4360 1939.

174 4388 213 4443 IV
230 4394 289 4445 858.
