3425 4934
692 318 715 369 1.
738 311 780 368 De
797 310 967 368 accentibus.
1330 319 1391 382 269

219 480 340 546 dictum
362 487 454 561 esse).
495 479 602 549 Schol.
627 482 668 543 M
688 486 737 549 20.
776 481 869 549 Eust.
896 481 939 546 ib.
968 503 1000 565 p.
1023 484 1096 557 800,
1117 485 1136 543 7
1158 470 1177 542 ό
1203 474 1241 543 δὲ
1262 473 1393 555 Ῥοδίος

217 584 371 670 ποταμὸς
399 580 633 672 παροξυτόνως
655 582 864 676 προφέρεται
894 580 940 664 ὡς
968 578 1121 663 ὁὈόίος
1141 582 1198 651 καὶ
1223 580 1241 651 ὁ
1265 580 1393 663 Δολίος

218 691 276 761 καὶ
297 687 316 759 ό
341 688 462 775 Τυχίος
481 691 539 760 καὶ
558 692 600 759 τὰ
624 690 727 777 όμοια
746 690 925 781 τριβρόχτα
946 686 1054 778 κόρια.

299 801 368 868 lam
389 803 541 870 sinerum
564 807 614 869 est
635 803 723 888 quod
736 802 919 870 Koehlerus
934 803 1045 869 docuit
1058 802 1093 867 in
1105 801 1286 888 Boettigeri
1307 800 1390 867 libro

218 911 274 995 qni
295 911 481 977 inscribitur
501 910 738 997 Archaeologie
761 935 791 978 u.
810 911 920 977 Kunst
939 909 955 976 1
980 920 993 978 1
1017 932 1048 995 p.
1062 916 1103 977 49
1124 931 1244 975 nomen
1262 900 1392 996 Ἀμφο-

216 1040 310 1101 ττρος
336 1019 561 1085 tanhrmmodo
587 1019 764 1104 mythicum
791 1041 861 1085 esse
887 1022 920 1084 et
940 1023 1054 1102 postea
1075 1017 1269 1095 abolevisse,
1299 1015 1391 1082 facile

218 1125 464 1193 concederemus
485 1126 709 1193 Aristarchum
731 1148 863 1194 errasse.
898 1126 960 1191 Est
981 1129 1089 1190 autem
1111 1124 1258 1189 universe
1279 1123 1390 1188 Koeh·

217 1233 274 1298 leri
296 1232 406 1318 opinio
428 1236 470 1320 (p.
491 1239 544 1318 24)
564 1234 705 1300 Graecos
727 1234 859 1299 omnino
881 1238 1026 1299 veterum
1047 1231 1183 1298 heroum
1204 1231 1390 1297 nominibus
1403 1226 1473 1296 (²⁸²)

219 1344 332 1426 postea
354 1363 420 1406 non
442 1363 519 1408 usos
541 1365 620 1409 esse.
658 1339 710 1407 Ne
729 1346 859 1407 utemur
880 1341 1011 1426 quidem
1026 1338 1186 1405 Athenaei
1208 1338 1391 1404 narratione

219 1472 249 1534 p.
263 1447 350 1518 auid
371 1452 466 1534 (quae
486 1455 616 1536 recepta
630 1452 680 1515 est
700 1449 741 1514 ab
755 1447 929 1514 Eustathio
950 1472 980 1534 p.
998 1453 1086 1529 1713,
1107 1451 1160 1530 47)
1180 1446 1391 1532 Euphantum

218 1554 321 1621 Ulixis
349 1556 457 1622 studio
484 1560 517 1623 et
542 1557 755 1623 admiratione
784 1556 905 1623 liberos
932 1578 1009 1621 suos
1030 1554 1214 1621 Anticleam
1241 1558 1275 1619 et
1296 1553 1391 1619 Tele·

220 1685 342 1750 gonum
362 1664 561 1733 nominasse:
590 1665 677 1751 qnod
703 1664 838 1730 fortasse
860 1666 898 1728 ut
918 1663 1080 1750 singulare
1101 1666 1279 1747 respuetur.
1322 1660 1391 1728 Nec

220 1769 291 1835 aliis
305 1771 340 1835 in
355 1772 473 1856 quibus
488 1772 652 1859 singulare
667 1771 829 1856 quoddam
848 1771 910 1836 etsi
930 1771 1081 1856 ignotum
1103 1769 1199 1835 nobis
1220 1769 1392 1835 consilium

219 1878 270 1944 vel
290 1878 426 1945 fortasse
448 1881 537 1946 iocus
564 1880 679 1956 valuit,
710 1871 1152 1963 111,,ἘτοοκληςΠολυνι’κη
1177 1879 1225 1962 τῷ
1253 1869 1392 1963 ἀδελφῷ

219 1981 385 2072 σιλλαρίηι
398 1979 531 2074 μνήμης
541 1982 675 2073 psam,
690 2008 773 2073 quae
788 1989 838 2052 est
850 1985 1019 2071 inscriptio
1034 1986 1086 2067 (ex
1100 1984 1256 2051 Boeclrhii
1271 1984 1390 2050 iudicio

218 2092 468 2178 haudquaquam
489 2095 610 2181 spuria)
632 2101 724 2163 3372.
763 2093 826 2161 Sed
854 2094 1009 2179 fugerunt
1035 2094 1137 2159 virum
1169 2093 1391 2159 doctissimum

218 2199 407 2280 Menesthei,
429 2203 484 2287 qni
506 2206 582 2268 snut
603 2202 689 2289 apud
708 2200 970 2280 Demosthenem,
991 2200 1087 2266 lason
1108 2200 1287 2281 Pheraeos,
1306 2200 1392 2285 fugit

220 2303 388 2386 Σθένελος
408 2309 551 2395 tragicus
573 2309 789 2395 (Harpocrat,
810 2309 930 2375 Athen.
953 2308 1046 2377 3671).
1078 2314 1187 2393 4282),
1213 2305 1392 2383 Μενέλαος

219 2415 309 2483 Dem.
330 2415 414 2483 Phil.
435 2414 504 2481 IT.
520 2416 567 2484 IV
587 2440 618 2502 p.
635 2425 684 2500 44,
704 2417 786 2483 alius
807 2416 983 2483 Alexandri
1004 2417 1149 2502 aequalis
1170 2416 1289 2484 Athen.
1305 2413 1392 2483 530(1

219 2527 252 2588 et
273 2527 354 2603 Art,
381 2522 527 2603 Telamo,
558 2523 593 2588 in
614 2547 710 2609 quem
731 2524 844 2611 Lysiae
871 2525 975 2590 oratio
1000 2525 1064 2590 fuit
1089 2524 1201 2609 (Harp.
1223 2517 1390 2602 Εόνεῖδαι,

219 2625 393 2715 κάθετος),
420 2627 559 2708 Ξοῦθος
579 2631 787 2697 Atheniensis
809 2632 902 2697 Dem.
925 2636 1025 2700 contr.
1047 2632 1177 2717 Aphob.
1199 2630 1236 2697 T.
1257 2630 1329 2714 V}
1354 2641 1389 2699 11

219 2763 250 2824 p.
275 2744 333 2808 107
354 2737 409 2806 Βο.
435 2733 592 2822 Κραναός
619 2738 728 2805 Isaeus
755 2737 896 2807 Nicostr.
920 2739 987 2807 her.
1014 2763 1045 2825 p.
1069 2746 1109 2807 72
1130 2738 1186 2805 Be.
1222 2739 1341 2807 Athen.
1363 2739 1392 2804 X

221 2844 343 2918 Albe-f.
381 2842 583 2932 Ἰηλέμαχος,
606 2846 691 2911 unde
705 2847 911 2931 proverbium
928 2843 1123 2932 Τηλεμάχου
1136 2839 1251 2929 χύτρα,
1275 2845 1392 2912 Athen.

219 2954 263 3021 lx
277 2952 371 3024 lotd.
409 2952 504 3019 Alius
518 2953 731 3021 Telemachus
747 2954 969 3037 (Atheniensis
990 2959 1027 3019 nt
1049 2954 1186 3037 videtur)
1208 2951 1307 3018 Inscr.
1322 2954 1391 3020 Att.

219 3086 250 3131 n.
280 3070 338 3131 150
368 3064 401 3143 (ἓ
423 3065 485 3146 32).
523 3055 677 3151 Ἀμφίων
702 3060 912 3146 Thespiensis
939 3061 1015 3128 Ath
1041 3061 1117 3127 XIV
1142 3067 1235 3129 629³.
1273 3064 1393 3147 Ζῆθος

219 3170 384 3236 citharista
410 3167 484 3236 Ath.
515 3167 594 3236 VIH
619 3174 711 3238 351³.
761 3166 898 3253 Νέστωρ
930 3168 1059 3236 Stoicus
1088 3167 1256 3235 Tarsensis
1285 3167 1390 3237 Strab.

217 3276 293 3343 XIV
318 3301 350 3363 p.
373 3281 433 3345 674
459 3280 493 3341 et
517 3277 729 3344 Academicus
756 3277 798 3342 ib.
820 3283 890 3345 675.
932 3273 1058 3363 Πέλοψ
1086 3277 1245 3355 medicus,
1278 3277 1391 3344 Galeni

218 3389 419 3471 praeceptor,
441 3382 552 3451 Galen.
578 3385 617 3451 de
644 3385 717 3452 libr.
739 3406 846 3470 propr.
867 3408 898 3471 p.
923 3391 961 3453 17
982 3384 1023 3452 Κ.
1068 3383 1269 3471 Πατροκλῆς
1287 3384 1391 3450 histo·

218 3491 311 3572 ricus,
333 3515 360 3562 e.
381 3513 413 3579 g.
435 3490 542 3558 Strab.
557 3498 628 3562 508.
650 3499 720 3562 518.
759 3488 930 3568 Τάνταλος
951 3486 969 3557 ὁ
991 3487 1227 3578 Πατροκλέους
1247 3490 1390 3577 Thucyd.

217 3597 264 3665 IV
285 3606 334 3668 57.
365 3593 538 3679 Ἀχιλλεύς
556 3600 805 3666 Atheniensium
825 3600 953 3686 legatus
974 3599 1015 3666 ad
1028 3599 1249 3666 Alexandrum
1264 3600 1389 3665 Arrian.

217 3704 316 3793 1116,
337 3712 365 3775 3.
400 3700 600 3794 Γανυμήδης
620 3706 743 3773 aulicus
763 3708 818 3773 ille
840 3707 1088 3786 Alexandrinus,
1109 3709 1264 3775 Arsinoes
1286 3707 1389 3771 nntri-

217 3814 294 3895 cius,
321 3836 360 3881 ex
379 3814 466 3881 bello
487 3815 706 3882 Alexandrino
728 3818 838 3893 notus,
866 3837 894 3880 c.
916 3821 935 3881 3
958 3819 1045 3894 cett,
1074 3819 1107 3882 et
1132 3816 1211 3881 item
1232 3814 1387 3880 Achillas.
1405 3818 1454 3871 2⁷3

217 3919 301 3987 Nam
316 3922 403 4006 qnod
416 3921 472 3988 ille
486 3944 606 3989 nomen
624 3923 747 4007 accepit
768 3914 951 4004 ἐπώνυμον,
974 3922 1008 3987 16
1028 3923 1161 3988 minime
1185 3923 1295 3988 eximit
1316 3945 1390 3988 eum

217 4050 256 4096 ex
277 4029 338 4095 hoc
360 4029 481 4108 ordine,
501 4033 538 4095 ut
557 4052 615 4096 nec
633 4021 805 4116 Αόρήλων
823 4024 936 4116 Θησέα
952 4025 1149 4116 Νικηφόρον
1169 4026 1391 4116 Θυατειρηνὸν

217 4132 396 4225 νικήσαντα
422 4133 562 4218 ἐνδόξως
589 4138 623 4204 G.
644 4136 668 4204 Ι.
693 4141 783 4205 3503.
809 4177 850 4187 —-
877 4131 994 4223 Δανόη
1021 4135 1155 4222 Epicuri
1182 4137 1249 4202 filia
1265 4126 1391 4204 Athen.

215 4242 292 4311 Xlll
313 4243 409 4314 5931).
458 4243 503 4310 Et
530 4268 604 4311 cum
630 4244 681 4310 his
711 4248 744 4309 et
771 4244 930 4311 similibus
955 4244 1041 4331 fugit
1068 4268 1142 4310 eum
1168 4238 1387 4333 Ἀμφοτερός,

214 4352 313 4453 frater
334 4352 466 4431 Crateri,
486 4354 557 4419 Arr.
578 4351 594 4418 l
614 4359 665 4433 25,
689 4358 734 4420 12.
758 4356 804 4422 13.
840 4350 975 4435 mas.
1011 4349 1102 4433 1116,
1116 4359 1146 4420 4.
1161 4359 1190 4430 5,
1213 4356 1247 4418 et
1266 4352 1390 4433 fratres,
