3425 4934
379 308 401 358 2.
425 302 540 372 Didymi
556 303 627 361 liber
643 305 678 359 de
696 302 848 361 Aristarchi
866 302 988 359 editione
1008 299 1130 355 Homeri
1297 302 1337 362 27

168 471 290 536 tionem
312 471 488 556 applicaret
509 469 561 554 (τὰ
577 464 646 535 κατ’
665 466 910 559 Ἀριστοφάνην
927 461 1150 557 ὑπομνήματα
1168 456 1340 548 Ἀριστάρ-

167 599 225 656 χου
240 580 270 641 Β
289 579 368 661 133).
403 577 573 645 Praeterea
591 579 740 665 Dionysii
754 580 897 659 Thracis,
916 578 1065 664 Dionysii
1080 574 1214 657 Sidonii,
1237 571 1339 638 Chae-

169 685 245 750 ridis
267 688 311 765 (B
332 690 402 753 865.
430 689 461 747 Ζ
477 694 525 753 71.
549 690 566 748 l
586 690 668 769 605),
689 688 845 753 Demetrii
865 686 999 765 Ixionis,
1019 684 1155 752 Diodori
1178 685 1201 765 (P
1218 684 1245 742 Β
1260 682 1339 757 865)

170 792 347 859 Ptolemaei
361 793 533 878 Epithetae
548 796 769 861 commentarii
783 796 823 860 ed
844 799 969 860 textum
984 792 1204 859 Zenodotenm
1227 788 1263 871 (si
1278 788 1339 852 hoc

170 900 265 965 modo
299 904 386 965 recte
415 901 664 987 interpretamur
694 906 725 966 Β
754 906 834 985 111).
882 902 1009 987 Scripte
1043 898 1181 982 denique
1214 898 1341 982 praeter

171 1007 375 1072 Aristarchee
395 1010 557 1074 Ammonii
578 1006 665 1092 πρὸς
686 1002 908 1096 Ἀθηνοκλέο,
929 1004 1006 1090 περὶ
1026 1009 1086 1072 τοῦ
1105 1001 1151 1092 μὴ
1174 997 1340 1088 γεγονέναι

171 1108 329 1190 πλείονας
343 1109 489 1191 ἐκδόσεις
507 1119 563 1204 τῆς
572 1108 814 1199 Ἀριστάρχειοι
830 1114 1056 1203 διορθώσεως,
1078 1110 1226 1199 περὶτῆς
1240 1105 1340 1173 ἐπει·

172 1217 330 1308 δοθείσης
349 1215 575 1306 διορθώσεως,
597 1223 675 1309 περὶ
694 1229 759 1290 τῶν
778 1223 844 1291 ὑπὸ
860 1219 1042 1300 Πλάτωνος
1061 1213 1340 1305 μιτειηνεγμὲνων
1352 1233 1406 1302 (31)

171 1325 206 1407 ἐξ
220 1323 374 1413 Ὁμήρου
386 1332 422 1410 ¹⁰,
441 1331 590 1417 Dionysii
607 1333 740 1400 Thracis
756 1330 840 1415 πρὸς
855 1329 1021 1418 Κράτητα,
1045 1326 1122 1413 περὶ
1135 1320 1338 1413 ποσοῖήῑωνι

170 1437 250 1503 liber
273 1438 392 1523 uliquis
407 1439 624 1524 Dionysodori
643 1441 852 1507 Alexandrini
875 1443 918 1523 (B
936 1443 1016 1522 111),
1037 1435 1236 1503 Parmenisei
1257 1430 1342 1516 πρὸς

156 1537 336 1631 Κράτητα,
357 1546 533 1612 Ptolemaei
556 1548 725 1614 Oroandes
747 1547 823 1630 περὶ
843 1552 903 1613 τοῦ
922 1541 1105 1633 Ὁμηρικοῦ
1124 1543 1338 1628 χαρακτῆρος,

170 1649 325 1740 περὶτῆς
346 1646 562 1734 ὁπλοποιίας,
583 1656 750 1740 Apollonii
770 1657 890 1722 Rhodii
913 1652 999 1739 πρὸς
1019 1646 1217 1740 Ζηνόδοτον,
1239 1649 1342 1715 Athe·

170 1760 272 1826 noclis
303 1759 381 1843 περὶ
408 1755 571 1848 Ὀμήρου,
604 1763 779 1830 callistrati
811 1760 898 1844 πρὸς
927 1761 987 1839 τὰς
1024 1754 1216 1847 ἀθετήσεις,
1254 1757 1341 1840 ὅίθρ·

170 1862 356 1951 θωτικάῑῐ,
389 1865 468 1951 περὶ
502 1862 663 1949 Ἰλιάδος,
703 1872 862 1937 Demetrii
896 1871 1016 1936 Ixionis
1052 1866 1139 1952 πρὸς
1169 1864 1230 1942 τὰς
1267 1860 1343 1947 ἒξδ·

171 1968 293 2062 γήσεις,
333 1971 418 2059 πρὸς
455 1975 533 2055 τοὺς
572 1970 811 2067 ηθιτημένους,
850 1977 1029 2044 Ptolemaei
1062 1975 1236 2062 Epithetae
1265 1967 1344 2054 περὶ

167 2076 351 2160 Ιλιάδοςη.

251 2291 271 2373 ἕ
293 2295 321 2357 8.
363 2289 428 2355 Sed
457 2313 652 2376 quamquam
679 2293 730 2357 his
756 2296 823 2358 tam
847 2292 959 2357 multis
986 2295 1118 2375 tumque
1145 2289 1240 2354 bonis
1268 2287 1342 2353 sub·

172 2396 258 2461 sidiis
279 2420 358 2463 usus
381 2402 442 2478 est,
471 2403 580 2464 tamen
602 2421 668 2465 non
689 2403 818 2485 poterat
838 2399 961 2483 ubique
981 2397 1033 2463 vel
1060 2397 1146 2482 ipsas
1164 2394 1343 2461 Aristarchi

171 2503 325 2569 lectiones
352 2506 405 2570 vel
434 2529 545 2571 earum
572 2506 678 2573 fontes
714 2509 878 2592 expiscari.
929 2510 1041 2573 K124
1066 2496 1145 2585 μάλ’
1170 2499 1344 2587 ἕπε’)ρετοε

171 2602 320 2690 δἸξίοιν
344 2604 415 2696 μέγ’
443 2609 613 2698 ἐπέγρετο·
655 2611 712 2679 καὶ
745 2608 876 2702 μήποτε
910 2607 931 2704 ι)
966 2604 1206 2695 Ἀριστάρχειος
1243 2606 1346 2687 οὕτως

172 2706 261 2797 εἶχεν.
314 2724 349 2781 Ν
375 2727 395 2788 2
423 2717 515 2801 παρὰ
547 2722 639 2810 epioe:
674 2716 863 2809 Ζηνόδοτος
898 2719 956 2788 καὶ
990 2714 1234 2806 Ἀριστοφάνης
1268 2713 1345 2799 περὶ

170 2827 257 2912 τῇσι·
291 2818 415 2913 μήποτ’
453 2818 512 2893 odo
547 2827 654 2906 διχῶς.
710 2830 886 2914 Praecipue
921 2829 1031 2895 confer
1065 2851 1148 2914 quae
1184 2827 1265 2891 dixit
1300 2825 1339 2891 de
1352 2850 1384 2900 ιτ

171 2931 310 2999 lectione
337 2925 475 2999 οδτσσιι
508 2941 543 3001 Π
567 2943 627 3004 467
662 2937 714 3017 (de
745 2960 810 3023 quo
836 2939 908 3003 loco
938 2938 1022 3002 intra
1051 2936 1145 3001 nobis
1172 2934 1342 2999 dicendum

173 3045 222 3105 est
252 3042 381 3125 fusins).
436 3042 502 3108 Sed
534 3045 597 3109 hoo
632 3049 717 3111 certe
753 3045 871 3123 effecit,
910 3049 948 3109 ut
988 3044 1057 3108 eius
1083 3041 1240 3108 modestia
1276 3040 1343 3123 (illo

171 3142 301 3234 μήποτε
327 3149 516 3236 plerumque
542 3152 656 3231 utitur)
678 3155 712 3217 et
733 3152 878 3217 doctrina
904 3151 1051 3230 sciemus,
1071 3150 1129 3214 ubi
1151 3147 1345 3214 dubitationi

173 3254 261 3321 locus
282 3256 333 3321 sit

254 3465 319 3544 §D
355 3461 487 3528 Etenim
500 3464 565 3530 ism
582 3465 609 3530 si
625 3489 670 3543 ee,
692 3488 774 3549 quae
796 3467 835 3531 de
850 3465 1026 3532 Aristonici
1040 3465 1234 3551 Didymique
1254 3464 1345 3529 libris

175 3569 388 3653 exposuimus,
410 3571 607 3655 respicimus,
628 3572 690 3638 hoc
705 3595 800 3638 nemo
815 3573 935 3658 poterit
954 3572 1101 3638 dubitare
1123 3571 1201 3656 quin
1225 3571 1263 3637 de
1278 3575 1345 3637 tam

176 3674 266 3740 bouis
289 3676 513 3744 Aristarcheee
544 3680 708 3765 doctrinae
736 3680 882 3746 fontibus
914 3681 1009 3746 nobis
1037 3679 1264 3765 gratulandum
1291 3680 1342 3744 sit

176 3923 256 4019 etiem
279 3925 340 3981 eins
362 3924 449 3981 editio
477 3926 632 3982 carminum
657 3926 878 3984 Homerioomm:
908 3927 982 3996 quod
1009 3927 1123 3997 quidem
1145 3925 1200 3981 looi
1229 3926 1345 3982 suadem

179 4008 344 4149 Vldellllgoc
361 4093 447 4159 libro,
464 4092 494 4148 ni
512 4093 602 4160 fallor,
619 4093 752 4149 lectiones
770 4111 899 4149 versuum
916 4093 1125 4150 Homericornm
1143 4111 1161 4149 e
1175 4093 1292 4149 Platone
1309 4095 1344 4150 ci·

177 4178 306 4242 totorum,
324 4177 420 4247 quales
437 4176 468 4231 in
485 4178 690 4249 exemplaribus
707 4178 858 4234 Pletonicis
867 4179 1139 4244 circumferebantur,
1157 4178 1343 4235 examinabat.

242 4263 265 4304 ¹¹
286 4263 314 4321 Ξ
328 4267 387 4317 255.
423 4261 488 4318 cod
506 4262 532 4316 V
549 4263 743 4332 Καλλίμαχος.

242 4346 266 4388 ¹³
284 4345 422 4402 Addendu
439 4346 554 4402 fortusse
571 4344 714 4400 Choeridis
731 4341 914 4415 διορθωτικά
932 4362 967 4403 ex
983 4344 1066 4402 schol
1084 4345 1135 4403 Od.
1154 4368 1171 4418 η
1188 4352 1229 4409 80,
