3425 4934
542 321 566 372 2.
594 310 718 388 βάλλειν,
737 313 867 384 σύτασαι,
885 315 945 370 sinu
1028 308 1033 325 ’
1293 322 1333 383 55

159 473 397 565 Σαρπηδόνος·
426 476 458 546 oi
486 478 522 547 δὲ
548 476 620 547 ἀντὶ
645 486 706 548 τοῦ
729 475 863 548 τύπτων
888 483 961 558 τοῖς
979 479 1062 546 ποσί
1081 477 1138 545 καὶ
1168 476 1336 558 λακτίζων.

158 588 220 653 Hic
241 588 300 653 ille
321 589 349 653 si
370 588 646 656 Aristarchearum
667 591 845 657 lectionum
872 594 938 655 tam
968 611 1088 676 gnarus
1114 588 1177 653 fnit
1204 589 1281 673 quid
1302 588 1336 652 in

158 697 279 780 ineptis
302 697 411 781 potius
426 696 693 781 explicationibus
714 699 880 764 volutatur
901 719 998 781 quam
1011 695 1250 761 Aristarcheam
1269 695 1335 759 lec·

158 805 293 883 tionem,
315 825 398 888 quac
418 803 482 868 alia
502 804 573 882 fuit,
594 805 727 871 attulit?
748 805 914 871 Resoluta
935 809 993 883 est,
1015 808 1048 869 ct
1061 803 1118 868 illo
1138 803 1212 869 loco
1234 824 1335 866 unum

158 910 335 996 Didymum
352 910 415 975 fide
431 911 565 997 dignum
580 935 650 978 esse
665 921 698 978 et
711 913 773 980 hoo
793 914 866 978 loco
888 912 923 976 in
937 911 1116 976 Aristarchi
1138 909 1334 974 editionibus

159 1041 224 1083 non
238 1018 364 1082 lectum
377 1018 492 1083 fnisse:
514 1007 560 1096 dig
576 1013 595 1084 δ
612 1017 727 1097 τυπεὶς
747 1014 899 1108 ἤσπαιρε.
937 1018 1021 1096 Quid
1042 1018 1143 1103 igitur
1163 1016 1247 1080 fuit?
1268 1017 1336 1080 Aut

159 1124 250 1190 nulla
272 1126 458 1190 coniectura
478 1148 544 1191 nou
566 1126 663 1192 fallax
685 1132 741 1192 ant
761 1127 824 1193 fuit
845 1122 1009 1209 δαμείς.33

241 1232 394 1299 Ceterum
416 1232 481 1297 iam
506 1233 558 1299 hic
579 1237 789 1315 monendum,
820 1234 908 1319 quod
935 1233 1020 1298 infra
1047 1233 1229 1314 ostendam,
1255 1223 1274 1297 ὁ
1299 1226 1336 1295 δὲ

159 1331 325 1425 Πήδασον
350 1337 497 1423 ἤλασεν
523 1340 630 1406 ἵππον
650 1343 829 1408 Aristarchi
853 1341 1027 1407 lectionem
1052 1339 1248 1404 consuisse:
1277 1360 1335 1403 nec

159 1446 221 1513 hoc
241 1447 373 1514 videtur
394 1449 499 1515 dicere
520 1449 661 1515 voluisse
681 1450 849 1534 Didymus.

240 1554 365 1633 Huius,
399 1579 496 1641 quam
526 1580 612 1622 nunc
638 1560 825 1636 tractamus,
857 1555 1091 1621 observationis
1117 1554 1248 1636 ignarus
1275 1552 1337 1617 fuit

161 1660 352 1727 Zenodotus
374 1684 446 1729 cum
467 1664 551 1743 aliis,
582 1668 679 1747 atque
706 1664 834 1728 videtur
858 1685 941 1747 quae
963 1662 1089 1746 aliquot
1109 1662 1189 1726 locis
1210 1661 1336 1725 varians

161 1769 389 1835 inveniebatur
413 1770 510 1835 lectio
532 1771 719 1837 Aristarcho
749 1771 783 1834 in
804 1771 866 1836 hoc
887 1770 979 1835 utin
1000 1769 1072 1834 aliis
1092 1768 1203 1833 multis
1225 1768 1335 1833 obser·

160 1878 257 1942 vandi
285 1878 486 1943 occasionem
520 1878 655 1943 dedisse.
696 1878 842 1944 Primum
870 1880 908 1940 H
934 1884 992 1945 105
1025 1874 1168 1959 βάλλετο
1197 1867 1231 1938 δ’
1255 1867 1335 1938 uisi:

161 1978 192 2070 (ῆ
208 1982 329 2072 διπλῆ)
344 1979 397 2050 ὅτι
411 1981 498 2061 τινὲς
511 1981 678 2073 γράφουσι
698 1978 837 2051 τύπτετε
853 1979 886 2048 δ’
904 1976 982 2048 αἰεί·
1006 1977 1184 2069 προείρηκε
1199 1978 1236 2047 δὲ
1256 1981 1335 2064 βαλ-

162 2087 307 2177 λομένην
335 2088 395 2156 καί
420 2087 600 2175 βάλλοντες
620 2098 702 2176 (104.
724 2096 769 2179 5)·
796 2089 835 2158 τὸ
858 2088 895 2156 δὲ
916 2090 1032 2175 βαλεῖν
1061 2087 1149 2156 ἐστιν
1170 2085 1207 2156 ἐκ
1227 2087 1338 2172 χειρὸς

160 2191 271 2284 τύψαι
294 2199 371 2286 (leg.
385 2197 424 2266 τὸ
441 2196 478 2265 δὲ
491 2200 607 2283 βαλεῖν
629 2198 700 2267 ἔστι
713 2194 902 2284 πόῤῥωθεν,
923 2197 962 2266 τὸ
986 2196 1023 2264 δὲ
1043 2192 1151 2288 τύψαι
1173 2194 1209 2263 ἐκ
1228 2190 1339 2280 χειρός

164 2306 216 2370 vel
235 2304 277 2371 τὸ
301 2303 338 2370 δὲ
352 2303 390 2371 ἐκ
409 2306 520 2389 χειρὸς
538 2301 668 2397 τύψαι).
702 2309 827 2375 Deinde
842 2310 880 2369 Π
892 2312 962 2375 807.
997 2306 1165 2372 Patroclus
1180 2306 1220 2371 ab
1234 2305 1337 2391 Apol·

162 2409 228 2478 line
259 2438 358 2479 manu
386 2417 576 2499 percutitnr;
600 2417 763 2483 adduntur
787 2417 880 2481 haec:
907 2418 967 2501 στῆ
989 2411 1025 2478 δὲ
1044 2407 1177 2501 ταφών
1210 2405 1338 2479 tuscan

164 2516 200 2584 δὲ
219 2514 431 2608 μετάφρενον
452 2517 526 2601 ὀξέϊ
545 2521 639 2608 δουρὶ
660 2516 761 2605 ιῖίμων
781 2518 943 2609 μεσσηγὺς
963 2515 1123 2602 σχεδόθεν
1142 2516 1227 2605 βάλε
1248 2514 1336 2605 Δάρ-

163 2626 265 2705 δανος
283 2620 377 2718 άνῆρ,
401 2625 602 2718 Πανθοίδης
619 2623 798 2720 Εύφορβος
814 2654 872 2694 -.·
890 2624 922 2719 (ῆ
938 2628 1055 2719 διπλῆ)
1077 2625 1131 2695 ὅτι
1148 2621 1338 2714 Ζηνόδοτος

164 2729 284 2825 γράφει
306 2734 424 2816 σχεδὸν
446 2734 562 2803 circos
583 2732 760 2822 Δάρδανος
781 2730 875 2823 άνῆρ.
914 2729 1027 2821 ἀγνοεῖ
1047 2733 1084 2801 δὲ
1106 2733 1159 2801 ὅτι
1179 2733 1215 2801 ἐκ
1235 2735 1339 2821 βολῆς

163 2839 342 2928 τέτρωται,
372 2839 418 2922 ὡς
440 2844 499 2909 διὰ
522 2850 586 2912 τῶν
617 2841 690 2933 ἑξῆς
715 2841 882 2911 δείκνυται
904 2842 968 2923 „39
987 2868 1042 2911 τοι
1070 2846 1203 2926 πρῶτος
1228 2839 1401 2929 ἐψῆκεψθ)

162 2947 287 3031 βέλοςίί
303 2952 398 3035 (812).
430 2953 475 3018 nt
489 2955 639 3040 deinceps
654 2955 694 3019 ad
709 2977 780 3020 eam
802 2977 871 3020 rem
885 2952 1135 3019 confirmandam
1149 2974 1215 3017 non
1231 2951 1335 3016 solum

162 3059 201 3123 ad
222 3060 311 3124 hunc
325 3083 461 3143 versum,
482 3063 538 3126 scd
560 3063 601 3127 ad
623 3085 744 3140 omnes,
766 3064 851 3127 unde
865 3062 928 3127 hoc
949 3064 1048 3146 patet,
1071 3058 1156 3144 diple
1179 3040 1334 3144 obposita,
1353 3084 1384 3132 55

162 3189 188 3232 c.
202 3187 232 3250 g.
253 3173 326 3236 812:
349 3164 400 3233 ὅτι
420 3165 583 3255 βέβληται
603 3167 660 3234 καὶ
681 3165 740 3234 οὐκ
762 3166 929 3249 ούτασται,
949 3161 996 3244 ὡς
1009 3161 1211 3250 Ζηνόδοτος·
1233 3164 1335 3249 βέλος

162 3277 241 3355 γοῦν
261 3270 402 3361 κέκληκε
424 3272 541 3342 διὰτὸ
562 3275 768 3364 βεβλῆσθαα
788 3278 867 3344 item
888 3276 928 3341 ad
950 3281 1020 3343 819.
1043 3279 1112 3342 828.
1135 3277 1165 3338 Ρ
1184 3282 1231 3342 15.

245 3380 400 3465 Sequitur
424 3387 452 3445 Y
467 3389 542 3454 273:
566 3381 715 3466 δεύτερος
736 3375 805 3449 αὖτ’
821 3377 976 3463 Ἀχιλεύς
996 3378 1110 3467 προΐει
1132 3378 1339 3461 δολιχόσκιον

163 3480 256 3572 ἔγχος
268 3487 326 3553 καὶ
339 3483 443 3573 βάλεν
456 3485 602 3558 Αἰνείαο
616 3486 686 3557 κατ’
703 3485 834 3558 άσπίδα
844 3481 981 3556 πόντου)
994 3485 1085 3575 ἐίσην
1100 3511 1156 3553 -.·
1171 3483 1203 3574 (ῆ
1222 3487 1338 3572 διπλῆ)

163 3590 216 3660 ὅτι
244 3591 432 3682 Ζηνόδοτος
452 3592 670 3685 μετεποίησεν
698 3595 801 3676 ούτως
830 3590 968 3683 ,μελίην
992 3588 1182 3661 ἰθυπτίωνα
1209 3589 1338 3660 ἀσπίδα

163 3697 231 3784 νύξ
261 3700 297 3782 ἐς
323 3702 451 3785 χαλκὸν
475 3707 514 3793 <l
547 3698 708 3787 εύχαλκον
737 3729 811 3773 cnm
842 3705 929 3790 cod.)
963 3696 1134 3784 ἀμύμονος
1161 3696 1338 3770 Αἶνείασίί.

164 3805 223 3875 οὖν
239 3809 276 3877 ἐκ
289 3811 402 3897 χειρὸς
419 3808 456 3877 δὲ
473 3808 627 3894 ἐπέτυχεν
642 3806 851 3894 δ’Λχιλλεύς,
875 3807 958 3892 ὅπερ
974 3808 1031 3875 διὰ
1046 3813 1104 3876 τοῦ
1124 3803 1197 3890 νύξε
1218 3804 1338 3898 σημαί-

162 3939 263 4005 νεται,
283 3914 373 3986 άλλδ
387 3915 531 4006 βέβληκε
551 3919 591 3987 τὸ
614 3915 710 4005 δόρυ·
734 3919 788 3986 διὸ
811 3917 869 3985 καὶ
889 3913 965 4004 ἑξῆς
983 3916 1085 4003 βέλος
1106 3911 1187 3982 αύτὸ
1209 3910 1338 4004 εἴρηκεν

162 4030 237 4111 (283
256 4023 427 4114 ταρβήσας
450 4023 470 4095 ό
492 4023 525 4094 ci
550 4026 628 4113 άχχι
649 4023 739 4113 πάγη
760 4025 881 4111 βέλος).
920 4028 1058 4103 Deinde,
1085 4030 1123 4090 ut
1144 4024 1240 4104 solet,
1266 4048 1337 4092 ver*

163 4138 252 4203 sibus
273 4136 439 4218 omnibus
464 4137 552 4202 unde
576 4137 640 4202 hoc
660 4137 707 4201 ita
732 4158 801 4201 esse
823 4136 1042 4217 confirmatur,
1069 4132 1155 4219 diple
1181 4133 1338 4218 apposita,

226 4376 251 4415 ³³
267 4375 297 4429 Γ
312 4377 364 4428 368
382 4369 486 4440 duplas
503 4368 588 4425 lectio
605 4368 661 4424 fuit
678 4365 737 4424 οὐδ
759 4359 866 4440 ἔβαλόν
884 4385 934 4435 μιν
951 4369 981 4421 et
998 4368 1057 4421 οὐδ
1080 4356 1239 4435 ἐδάμασσα.
