3425 4934
364 345 425 410 306
813 338 862 395 IV.
886 337 927 394 De
944 336 1081 410 prosodia.

363 503 422 572 ἐπὶ
445 498 530 592 νηύς.
574 498 595 591 ἡ
624 497 707 583 ἁλός
732 503 843 592 γενικὴ
872 500 930 571 ἐπὶ
954 502 1015 589 μέν
1042 497 1162 590 κυρίων
1187 497 1405 588 συντιθεμένη
1426 497 1533 591 ψιλὸν

362 608 530 702 ἀποφέρει
548 610 587 679 τὸ
606 615 746 695 πνεῦμα,
770 603 843 681 οἷον
857 606 1037 699 Εὐρύαλος,
1063 608 1120 678 ἐπὶ
1141 607 1179 675 δέ
1200 605 1362 675 ἐπιθέτου
1382 606 1420 675 τδ
1441 600 1533 674 ἰ’δισν

361 723 453 809 τηρεῖ
465 723 606 804 πνεῦμα,
631 717 691 799 ,,έν
706 715 869 809 άμφιδίλφ
883 715 1026 809 Ἰδάκιηίί
1043 721 1081 806 <o
1096 723 1183 805 386),
1207 714 1349 804 ύφαλσς,
1371 711 1533 802 πάραλος.

362 822 393 894 ελ
416 819 552 894 οὖνκαὶ
577 832 674 894 τοῦτο
696 824 859 896 έπίδετον
881 823 918 896 έν
939 829 1054 912 (scribe
1077 820 1301 912 ἐπιθετικόν),
1323 818 1451 914 ῶφειλε
1471 822 1533 889 δα-

361 928 540 1015 σύνεσδαι,
570 929 664 1022 ε’ίπερ
695 927 737 1024 ἦν
762 930 939 1005 σύνθετον·
975 941 1031 1002 νῦν
1058 933 1095 1001 δέ
1120 931 1325 1021 παραγωγὴν
1349 927 1451 1016 ἔλαβε
1474 934 1534 1018 τῆς

363 1040 446 1122 ἁλὸς
473 1040 557 1109 κατὰ
584 1041 761 1132 παρολκὴν
788 1041 947 1132 κειμένης.
992 1041 1046 1109 διδ
1068 1044 1103 1127 (l.
1125 1035 1236 1128 άλλοι)
1258 1037 1432 1131 έψίλιοσαν
1451 1037 1490 1106 τὸ
1511 1062 1533 1101 α

362 1148 566 1239 παραγωγὴν
599 1146 811 1236 ἐκδεξάμενοι
840 1150 899 1217 καί
930 1143 968 1217 σύ
1000 1146 1165 1217 σύνθεσιν.
1212 1150 1286 1217 Sive
1319 1150 1354 1215 hi
1386 1149 1452 1215 sive
1483 1146 1533 1212 illi

363 1261 543 1348 significare
570 1261 699 1346 quidem
728 1260 810 1327 nihil
837 1261 991 1327 volebant
1016 1282 1113 1345 quam
1133 1261 1274 1339 ταχεῖαν.
1315 1256 1394 1323 Indo
1416 1255 1534 1341 duplex

362 1368 448 1453 apud
461 1367 659 1454 Hesychium
674 1369 843 1455 explicatio
867 1374 929 1435 est:
957 1360 1122 1445 ὠκύαλος·
1153 1359 1267 1444 ὠκεῖα,
1289 1367 1413 1445 ταχεῖα,
1437 1357 1533 1443 ταχύ-

362 1476 476 1553 πλοας.
520 1475 584 1543 Sed
603 1475 808 1543 Herodianus
835 1476 924 1562 quod
948 1475 1073 1542 videam
1101 1475 1141 1540 ad
1168 1474 1298 1561 propria
1324 1472 1455 1558 quidem
1476 1490 1535 1556 per

362 1583 469 1649 lenem
484 1583 712 1669 distinguenda
725 1583 918 1651 inclinabat:
938 1585 995 1650 sed
1008 1585 1043 1650 in
1065 1583 1230 1649 adjectivis
1251 1581 1339 1647 illam
1360 1576 1534 1664 παρολκης

363 1691 543 1759 doctrinam
563 1713 624 1757 nec
642 1691 807 1757 adamasse
826 1691 955 1757 videtur
975 1713 1035 1757 nec
1057 1691 1206 1776 spiritum
1226 1690 1333 1756 lenem
1353 1686 1534 1754 adsciscen-

364 1799 441 1865 dum
454 1798 589 1884 putsvit.
622 1798 705 1864 Vide
720 1803 753 1864 et
766 1803 804 1865 ut
816 1799 970 1884 loquatur
990 1800 1030 1865 de
1050 1792 1249 1880 ταλαύρινος
1269 1801 1302 1864 et
1324 1800 1362 1863 ut
1382 1787 1534 1871 ὠκύαλος

364 1928 437 1973 cum
451 1906 601 1972 omnibus
615 1906 777 1973 similibus
790 1907 868 1973 item
883 1912 922 1973 ut
934 1902 1066 1996 ύφαλος
1080 1929 1153 1973 oum
1167 1927 1280 1991 aspero
1294 1907 1404 1971 teneat
1423 1904 1450 1969 0
1465 1909 1532 1971 705.

362 2014 413 2080 De
433 2009 611 2099 μελιηδέος
630 2015 672 2080 ad
687 2016 719 2080 Δ
733 2019 793 2083 346
813 2018 974 2081 servatum
994 2015 1069 2081 hoo:
1090 2009 1268 2078 δασυντέον
1287 2010 1326 2080 τὸ
1347 2006 1533 2096 μελιηδέος,
1584 2080 1588 2087 ,

364 2122 403 2188 cf.
438 2122 506 2188 eius
539 2121 686 2188 scholion
716 2122 813 2188 modo
839 2123 1034 2207 exscriptum
1063 2123 1093 2185 E
1115 2126 1186 2192 289.
1232 2119 1407 2187 Refutandi
1434 2122 1533 2199 erant,

364 2230 421 2314 qui
451 2229 543 2297 aliter
568 2233 756 2295 statuerant.
784 2230 892 2316 Etym.
918 2229 961 2297 M.
984 2253 1015 2315 p.
1038 2236 1114 2311 577,
1134 2235 1175 2298 29
1198 2223 1377 2314 μελιηδέα·
1405 2225 1531 2315 ψιλῶς·

363 2329 459 2419 άρκεῖ
484 2335 547 2423 γὰρ
573 2332 611 2402 τὸ
638 2333 718 2420 μέλι
743 2334 829 2422 πρὸς
853 2335 892 2402 τὸ
920 2332 1105 2426 ἐμφανίσαι
1132 2333 1193 2423 τὴν
1217 2329 1352 2422 ἡδονήν.
1393 2334 1532 2419 Hesych.

362 2440 535 2530 μελιηδέςε
555 2443 743 2526 μελιτῶδες,
766 2439 914 2530 ἥδιστον.
943 2441 1074 2509 διὸκαὶ
1094 2439 1267 2534 ἐψιλοῦτο.
1288 2436 1450 2530 παρήχθη
1471 2439 1533 2527 γὰρ

363 2548 456 2636 παρὰ
477 2548 516 2617 τδ
537 2547 624 2634 μέλι.
661 2546 748 2617 ἔνιοι
775 2548 812 2617 δέ
836 2547 882 2630 ῶς
905 2548 986 2634 μέλι
1006 2546 1081 2640 ἡδύ.
1124 2550 1179 2620 διὸ
1202 2549 1259 2618 καί
1280 2546 1449 2617 έδάσανον.
1495 2548 1534 2614 In

364 2681 429 2745 quo
456 2660 536 2727 item
567 2660 705 2747 vestigia
733 2661 822 2726 vides
848 2682 960 2728 eorum
987 2682 1116 2747 quoque
1141 2662 1249 2745 (utin
1274 2652 1428 2737 ὠκύαλος
1452 2658 1534 2723 vidi·

363 2770 447 2851 mus)
470 2768 527 2852 qui
546 2763 709 2856 μελιηδής
728 2791 803 2836 vere
817 2768 1020 2855 paragogicis
1034 2769 1166 2855 syllabis
1179 2770 1354 2836 formatum
1373 2770 1533 2855 putarent.

446 2873 547 2941 Aliud
573 2898 613 2942 ex
638 2876 701 2942 hoc
729 2898 847 2963 genoso
875 2881 924 2942 est
949 2897 1013 2961 quo
1038 2877 1080 2943 ad
1100 2877 1322 2944 Aristarchum
1342 2874 1533 2942 reducimur.

363 2982 436 3049 Hoc
458 2989 508 3049 est
529 2983 594 3050 sch.
615 2983 647 3049 V
668 2985 709 3050 nd
729 2989 768 3048 X
786 2990 846 3054 332
876 2979 935 3066 ἐμὲ
962 2976 994 3049 δ’
1018 2976 1114 3049 οὐδέν
1139 2978 1257 3064 ὀπίζεο
1279 2976 1400 3072 νόσφιν
1421 2974 1534 3047 έόνιαι

365 3083 463 3155 οὐδέν
482 3089 606 3181 ψιλῶς,
629 3092 684 3156 ἵνα
705 3089 855 3180 παρέλκῃ
875 3088 915 3158 τδ
939 3088 1004 3156 δέν.
1037 3086 1175 3157 δύναται
1198 3088 1305 3157 δὲκαὶ
1327 3086 1463 3167 δασέως.
1493 3087 1535 3154 of.

364 3197 405 3264 ad
424 3204 492 3266 512.
529 3198 637 3266 Schol.
658 3200 690 3266 A
710 3201 751 3266 ud
772 3204 811 3266 A
818 3207 889 3269 *244
909 3194 1088 3280 πλεονάζει
1108 3198 1146 3266 τὸ
1170 3199 1236 3265 dea·
1257 3194 1453 3281 ίσοδαναμεῖ
1473 3193 1536 3280 γὰρ

362 3307 411 3391 τῷ
428 3297 489 3372 oris
508 3298 627 3383 ἔτισας.
666 3300 881 3394 Ἀρίσταρχος
905 3303 1084 3393 παρέλκειν
1106 3304 1197 3393 λέγει
1216 3306 1255 3375 τὸ
1277 3307 1346 3387 δεν,
1367 3299 1536 3371 Ἀπολλό-

363 3410 470 3497 άωρος
496 3409 534 3478 δέ
561 3410 597 3479 έν
617 3407 784 3499 μλώσσαις
805 3406 952 3482 εἶναιτὸ
972 3415 1098 3503 πλῆρες
1123 3408 1201 3483 οὐδὲ
1225 3412 1269 3484 έν.
1310 3413 1452 3493 πολλοῖς
1472 3410 1535 3498 γὰρ

363 3517 420 3585 καί
438 3522 504 3585 τῶν
523 3513 637 3599 άλλων
661 3526 899 3608 γραμματικῶν
921 3523 1014 3590 δοκεῖ
1032 3520 1109 3608 τρία
1130 3514 1217 3590 εἶναι
1241 3520 1325 3610 μέρη
1347 3516 1465 3607 λόχον,
1494 3513 1533 3587 ού

297 3643 343 3696 311
364 3625 422 3695 καὶ
443 3625 482 3695 δέ
502 3626 561 3695 καί
582 3626 626 3694 έν.
665 3631 761 3710 Quod
782 3654 842 3698 nec
862 3633 919 3698 Ar.
941 3633 1084 3699 nescivit
1119 3634 1171 3700 Ad
1191 3631 1415 3700 Aristarchum
1434 3630 1535 3716 perti-

362 3745 418 3807 net
439 3741 537 3807 etiam
557 3739 658 3807 schol.
678 3743 788 3807 11274
811 3733 926 3806 ούδένε
958 3735 990 3828 (ἡ
1015 3740 1132 3829 διπλῆ)
1157 3737 1269 3807 ὅτιτὸ
1292 3739 1347 3805 δεν
1369 3736 1535 3822 παρέλκε-

360 3868 430 3914 ται·
452 3842 520 3914 ἔστι
536 3845 599 3934 χὰρ
613 3841 668 3915 δτι
679 3844 738 3913 τὸν
753 3840 889 3937 δίριστον
902 3850 967 3913 τῶν
979 3841 1121 3930 Ἀχαιῶν
1137 3842 1197 3916 oris
1215 3843 1330 3917 έσισεν.
1358 3848 1403 3915 Et
1417 3848 1449 3912 Ω
1463 3851 1533 3915 370.

279 4195 349 4270 (sss)
443 4180 533 4249 Haec
551 4182 607 4268 qui
623 4182 872 4251 consideraverit
892 4184 1087 4265 testimonia,
1108 4180 1260 4250 facillimo
1280 4181 1461 4269 perspiciet
1481 4178 1533 4247 cui

360 4287 407 4355 rei
428 4289 616 4356 Aristarcho
642 4291 691 4358 illi
712 4292 845 4376 spiritns
865 4294 898 4358 in
925 4293 1040 4359 mediis
1060 4293 1224 4358 vocabulis
1246 4292 1422 4358 servierint.
1462 4288 1533 4356 Sci·

360 4395 483 4464 licetsi
506 4398 546 4465 de
566 4399 664 4465 verbo
686 4398 794 4484 aliquo
816 4399 868 4466 vel
890 4399 945 4467 alii
967 4399 1192 4467 dubitaverant
1211 4400 1263 4467 vel
1283 4399 1451 4465 videbatur
1473 4397 1533 4461 du-
