3425 4934
473 318 497 369 3.
516 312 558 368 De
577 312 631 367 lide
650 312 730 368 codd.
748 311 770 365 L
788 315 818 368 et
837 311 863 365 V
879 315 910 367 et
924 311 1071 369 Eustathii.
1317 319 1356 382 33

184 482 273 547 adH
298 488 365 549 171.
391 519 433 529 -
460 479 532 564 Βῌι)
559 481 600 546 ad
619 483 658 545 A
679 487 739 550 607
767 478 805 547 τὸ
828 467 883 568 ἧχι
908 480 1008 565 χωρίς
1026 482 1084 545 τοῦ
1106 473 1261 545 ικελεόει
1282 479 1358 564 γρά·

184 592 315 677 φεσδσιι
335 582 517 665 Διονόοιος
536 584 594 653 καί
614 580 761 672 παράγει
774 589 918 670 Δωριεῖς
938 576 992 667 άχι
1015 582 1180 672 λέγοντας.
1215 587 1357 652 Aristar·
1393 634 1394 637 κ

184 697 293 776 chum,
325 696 383 780 qui
411 696 491 761 item
519 696 565 762 sic
596 697 761 782 scripsisse
786 695 924 762 traditur
948 697 982 761 in
1010 696 1080 762 cod.
1107 697 1149 774 A,
1180 695 1358 761 omiserunt

185 796 475 889 (Mpmonogcd
490 790 544 890 ἧχι
563 803 660 888 χωρὶς
678 807 736 871 τοῦ
758 828 772 868 ι
792 799 912 892 γράφει
933 800 991 869 καί
1004 798 1192 880 Διονύσιος.
1213 797 1357 885 παρατί-

184 916 285 977 θεται
300 907 338 976 dd
353 904 372 976 ό
386 907 564 988 Διονύσιος
582 909 662 989 τοὺς
675 912 819 997 Δωριεῖς
840 907 997 995 λέγοντας
1018 898 1122 994 άχιίί).
1157 912 1198 977 A
1211 917 1272 980 609
1286 910 1357 977 cod.

182 1022 213 1086 A
223 1021 285 1086 sicr
302 1018 388 1102 πρὸς
398 1008 437 1085 ὃν
449 1014 562 1099 λίχσςε
577 1013 630 1085 ότι
639 1016 827 1107 Ζηνόδοτος
834 1016 934 1106 χωρὶς
946 1021 1006 1084 τοῦ
1020 1042 1047 1097 ν,
1064 1015 1151 1104 πρὸς
1165 1015 1184 1085 ὃ
1197 1014 1293 1098 λέχος
1306 1059 1356 1085 -.

184 1127 269 1207 Quid
281 1127 329 1193 L?
349 1120 540 1213 Ζηνόδοτος
557 1125 644 1213 πρὸς
666 1115 714 1194 οὗ.
749 1128 880 1197 Scilicet
898 1127 979 1193 illud
1000 1122 1020 1190 ό
1041 1148 1107 1193 non
1125 1125 1293 1192 intellexit.
1313 1163 1355 1175 -

182 1235 268 1301 BLV
289 1236 330 1301 ad
350 1237 458 1306 13330
479 1231 586 1314 κεῖνός
606 1228 642 1300 δ’
668 1226 715 1313 δίς
735 1228 891 1320 ἀγόρεοεε
913 1229 1062 1315 όξνιτάον
1080 1231 1140 1322 τὴν
1161 1256 1199 1312 σς
1219 1231 1276 1298 διὰ
1297 1230 1355 1299 τὸν
1367 1226 1422 1299 (39)

182 1342 226 1409 τὲ.
246 1339 351 1421 οὕτως
362 1335 576 1428 Ἀρίσταρχος
586 1337 867 1429 καὶἩρωδιανός.
888 1344 939 1411 Εο
950 1343 1046 1409 modo
1059 1341 1240 1409 incredibili
1254 1363 1356 1428 paene

184 1451 355 1517 oscitantia
381 1458 594 1538 corruperunt
620 1453 683 1519 hoc
709 1475 749 1519 ex
775 1454 844 1520 cod.
865 1454 910 1518 A:
940 1446 1044 1528 eicos
1065 1444 1277 1535 Ἡρωδιανὸς
1298 1447 1356 1514 διὰ

181 1562 239 1624 τοῦ
261 1562 299 1623 θ.
343 1552 558 1642 Ἀρίσταρχος
586 1556 648 1645 (δὲ)
679 1558 737 1624 διὰ
763 1563 862 1626 τοῦτ
882 1562 938 1645 (sc.
958 1555 1043 1642 τώς).
1070 1593 1110 1608 -
1134 1557 1357 1624 Aristarchum

182 1688 241 1752 pro
263 1665 431 1734 Zenodoto
451 1667 552 1735 hebet
573 1668 598 1734 L
619 1669 660 1734 ad
685 1669 714 1732 Θ
735 1674 806 1737 349.
842 1667 907 1736 Sed
927 1668 1067 1755 palmam
1088 1667 1206 1731 meruit
1227 1666 1303 1733 hoc:
1329 1666 1359 1728 Ε

182 1781 243 1843 695
258 1775 353 1841 docet
366 1774 466 1841 schol.
478 1776 522 1841 A:
543 1769 723 1859 Πελάγων·
743 1775 957 1856 Πτολεμαῖος
979 1769 998 1840 ὁ
1020 1777 1078 1839 τοῦ
1093 1767 1275 1859 Ὀρσάνδου
1298 1769 1356 1837 διὰ

181 1887 240 1947 τοῦ
259 1902 290 1959 o,
313 1877 480 1965 Σελάγων.
517 1882 603 1962 Quid
623 1883 669 1949 h?
689 1881 924 1968 υΠτολεμαῖος
946 1880 1003 1947 διὰ
1024 1884 1085 1948 τοῦ
1105 1903 1126 1947 ο
1147 1876 1271 1969 γράφει
1289 1882 1356 1944 Πε·

183 1983 344 2074 ίάσγοιν.“
373 1989 446 2057 Ηοι
464 1991 561 2057 etiam
581 1991 746 2058 festivum:
767 1995 788 2055 Ι
806 1998 867 2060 575
888 1992 923 2057 in
944 1992 975 2056 A
996 1993 1200 2057 annotatum:
1231 1984 1285 2053 ότι
1307 1982 1354 2052 ἓν·

182 2099 298 2164 verer
311 2097 492 2183 Σοφοκλῆς
510 2097 544 2163 ἐν
556 2101 604 2183 τῷ
618 2095 807 2186 Μελεάγρῳ
824 2096 882 2165 τὸν
893 2096 993 2184 χορόν
1015 2090 1084 2163 ἀπδ
1107 2091 1223 2182 ἱερέων
1243 2090 1357 2180 παρή-

184 2227 291 2291 γαγεν.
325 2207 373 2272 At
392 2205 431 2273 Ic
459 2201 615 2271 ἐντεῦθεν
641 2204 698 2273 καί
718 2205 896 2296 Σοφοκλῆς
922 2204 983 2274 τὸν
1006 2204 1106 2293 χορὸν
1133 2198 1358 2281 Οἰδίποδος

184 2308 221 2394 ἐξ
237 2308 354 2396 ίερίων
375 2314 474 2380 νιοιεῖ.
508 2312 672 2382 Nimirum
687 2315 887 2402 Oedipodem
908 2338 982 2382 cum
1003 2315 1223 2382 sacerdotibus
1244 2313 1358 2379 memi-

184 2427 286 2501 nerat,
308 2420 509 2505 Meleagrum
531 2444 598 2489 uon
624 2428 764 2490 noverat.
801 2422 840 2489 In
862 2424 1020 2490 eiusmodi
1046 2428 1176 2490 auctore
1201 2420 1280 2487 talia
1307 2422 1359 2485 vix

184 2530 463 2596 commemoranda
498 2530 586 2615 quod
614 2531 695 2596 dixit
722 2527 757 2596 do
787 2533 859 2608 τοῖς
888 2523 1103 2615 Ἀριστάρχου
1130 2521 1359 2615 ὑπομνήμασι,

183 2639 213 2699 Β
231 2642 301 2717 355,
336 2659 411 2703 cum
446 2638 571 2724 legeret
590 2639 625 2703 iu
652 2640 690 2719 A,
725 2639 813 2724 quod
848 2660 916 2704 non
942 2640 1029 2705 idem
1054 2642 1116 2718 est,
1147 2630 1361 2722 Ἀρίσταρχος

184 2741 239 2807 καὶ
272 2741 314 2808 τά
347 2738 582 2832 ὑπομνήματα.
635 2745 790 2813 Similiter
823 2745 917 2812 Vad
939 2750 973 2809 Κ
996 2755 1035 2815 51
1078 2738 1198 2810 ἀθετεῖ
1221 2739 1241 2810 ό
1267 2737 1361 2826 Ἀρι-

183 2845 358 2938 στοφάνης.
414 2852 461 2918 At
498 2852 543 2919 A:
589 2845 830 2941 Ἀριστοφάνης
867 2849 1061 2940 προηθέτει
1119 2853 1210 2939 Ergo
1247 2853 1275 2918 si
1308 2853 1360 2917 in·

182 2958 369 3041 tellexisset‚
406 2961 545 3027 scribere
585 2962 736 3029 debebat:
772 2954 892 3026 ἀθετεῖ
925 2952 1140 3044 Ἀρίσταρχος
1183 2957 1241 3024 καὶ
1266 2952 1360 3044 Ἀρι-

181 3058 360 3152 στοφάνης.
416 3066 570 3134 Similiter
596 3070 714 3135 erravit
745 3069 786 3134 ad
823 3069 851 3134 O
887 3072 959 3137 231.
989 3109 1029 3119 -
1063 3066 1145 3133 Item
1180 3067 1212 3133 V
1246 3068 1287 3134 ad
1322 3070 1361 3132 Λ

184 3180 242 3240 179
269 3168 514 3262 Ἀριστοφάνης
542 3172 623 3253 τοὺς
651 3171 712 3241 δύο
741 3169 874 3256 ἀθετεῖ,
911 3171 1098 3262 Ζηνόδοτος
1133 3170 1170 3239 δά
1206 3168 1256 3244 cii.
1305 3173 1360 3241 ln·

181 3281 325 3346 credibili
363 3284 533 3350 oscitantia
571 3284 717 3351 scholion
757 3284 789 3350 A
823 3285 1006 3372 exscripsit,
1040 3284 1075 3350 in
1118 3305 1182 3369 quo
1223 3282 1361 3349 refertur

182 3388 405 3456 Aristarchum
435 3395 609 3477 utrumque
642 3414 770 3458 versum
804 3394 994 3479 reprobasse
1029 3393 1135 3476 (cuius
1161 3392 1360 3456 mentionem

182 3518 248 3560 uon
276 3495 355 3563 facit
382 3498 458 3582 quia
478 3499 575 3564 solito
607 3521 697 3564 more
723 3499 844 3565 dictum
870 3493 1073 3566 ἀθετοῦνται
1093 3496 1271 3566 Aristarchi
1301 3519 1359 3561 no·

183 3605 269 3668 mine
305 3603 451 3687 omisso),
493 3605 695 3673 Zenodotum
738 3629 779 3672 ne
818 3608 983 3694 scripsisse
1031 3607 1162 3692 quidem
1201 3607 1251 3687 (Z.
1290 3597 1360 3668 οὐκ

184 3703 378 3798 ἔγραφεν),
408 3712 660 3799 Aristophanem
683 3714 874 3781 alterutrum
898 3715 1097 3801 reprobasse.
1141 3712 1228 3779 Vad
1253 3714 1284 3774 Φ
1302 3717 1360 3780 169

182 3809 393 3902 Ἀρίσταρχος
413 3811 607 3889 ίδοκτίωνα.
651 3823 789 3888 Athaco
804 3827 853 3889 est
875 3822 1032 3890 Zenodoti
1052 3821 1164 3888 lectio:
1185 3813 1218 3906 (ἡ
1243 3818 1360 3906 διπλῇ)

187 3918 239 3988 ὅτι
263 3919 454 4012 Ζηνόδοτος
481 3920 605 4015 γράφει
630 3921 825 3997 toeneium.
864 3929 929 3996 Sed
949 3930 997 3995 illi
1017 3929 1133 3995 melius
1154 3928 1258 3994 visum
1282 3926 1360 3993 illu·

188 4033 332 4100 striorem
353 4037 516 4119 ponere¹⁹.

252 4285 278 4325 1⁹
297 4283 454 4340 Blaterevit
472 4300 563 4355 nuper
585 4285 725 4354 quaedam
747 4286 783 4341 de
805 4284 948 4341 codicibus
979 4282 1133 4338 Homericis
1162 4300 1197 4340 eo
1224 4300 1359 4348 sermone,

189 4368 342 4438 quinoque
359 4371 420 4423 erat
436 4386 561 4438 unquam
577 4369 607 4425 in
624 4387 718 4425 rerum
735 4373 836 4425 notura
857 4384 948 4438 neque
971 4385 1029 4422 esso
1052 4369 1164 4437 poterat
1184 4385 1237 4424 nec
1254 4386 1272 4423 a
1288 4384 1356 4423 sano
1370 4373 1401 4423 33

237 4454 342 4507 Ιιοῖιει,
356 4456 491 4497 Arauros.
1134 4458 1150 4507 3
