3425 4934
350 315 411 379 356
647 310 679 365 V.
704 310 746 366 Ds
764 311 867 369 criticis
886 312 1040 369 Aristarchi
1060 312 1222 368 rationibus.

350 468 445 552 Αἴας
464 498 499 540 τε
519 471 623 560 μέγας
645 479 766 545 dixerit
788 503 816 546 v.
837 480 909 547 Did.
930 485 961 545 B
985 491 1051 550 111.
1086 481 1224 547 Articuli
1249 480 1315 545 rim
1340 478 1522 545 attenderat

355 588 383 646 Y
398 590 463 665 147,
485 585 542 651 ubi
556 586 710 652 traditum
730 581 763 674 (ἡ
780 587 900 675 διπλῆ)
922 584 976 655 ὅτι
997 585 1101 667 οὕτως
1122 583 1232 676 εἴρηκε
1253 583 1312 652 σὺν
1332 588 1380 671 τῷ
1400 579 1520 670 ι’ίρθρῳ

348 690 387 759 τὸ
409 696 508 779 κῆτος
528 688 573 771 ὡς
593 693 868 785 παραδεδομένης
887 699 945 783 τῆς
965 690 1112 782 ἱστορίας
1131 699 1191 783 τῆς
1211 693 1289 779 περὶ
1308 696 1367 759 τοῦ
1389 686 1521 779 ’κήτους

351 801 583 868 Obserraverat
606 802 785 872 Homerum
811 808 986 892 augmenta
1011 806 1169 872 omittere.
1217 806 1270 870 An
1296 803 1368 868 ideo
1395 801 1520 867 nullum

349 915 561 996 augmentum
579 911 734 998 reliquit?
764 913 906 980 Minime.
946 913 1102 980 Ediderat
1123 908 1160 991 ὅς
1179 909 1224 995 μέ
1245 933 1302 977 σοι
1322 900 1417 986 αὖτις
1437 907 1521 972 δῶκε

284 1028 333 1079 362
356 1021 386 1080 Φ
402 1024 456 1098 84;
479 1022 591 1085 contra
609 1021 710 1090 0601
728 1016 765 1086 ἐκ
779 1019 842 1106 γὰρ
858 1019 900 1108 δὴ
919 1024 978 1087 τοῦ
998 1015 1125 1103 ἔμελλε,
1149 1043 1216 1087 non
1236 1024 1274 1086 ut
1287 1018 1521 1103 Aristophanes

349 1121 517 1206 pille250.
565 1126 629 1194 Sed
662 1129 698 1194 in
735 1129 881 1196 dissensu
917 1130 1095 1195 editionum
1126 1130 1236 1215 potius
1269 1122 1348 1211 ἔργα
1382 1122 1520 1207 νέμοντο

350 1234 490 1319 scripsit,
520 1238 554 1300 et
578 1238 697 1318 θαῦμα
718 1232 866 1314 τέτακτο,
899 1241 937 1302 ut
958 1238 1010 1303 his
1031 1242 1118 1321 utar,
1147 1260 1243 1322 quam
1264 1227 1328 1319 ἔργ’
1353 1229 1518 1317 aspona,

350 1334 454 1424 θαῦμ’
476 1337 635 1410 ἐτέτυκτο.
670 1343 709 1409 In
727 1366 791 1429 quo
812 1345 949 1412 fortasse
969 1367 1203 1431 nonnunquam
1223 1343 1323 1409 falsus
1342 1342 1413 1421 fuit,
1434 1340 1522 1426 quod

350 1449 495 1515 nondum
521 1452 630 1516 omnia
654 1457 819 1519 momenta
838 1458 1058 1540 perspexerat:
1086 1454 1187 1520 sicin
1209 1455 1384 1537 augmento
1404 1448 1521 1513 diiudi-

351 1558 451 1623 cando
475 1558 613 1625 fortasse
639 1561 679 1627 ab
706 1561 895 1627 Aristarcho
925 1563 1153 1628 discedendum
1183 1561 1245 1625 erit
1272 1561 1404 1646 propter
1430 1556 1521 1642 leges

351 1666 517 1749 quasdam·
530 1667 708 1734 hexametri
728 1668 893 1734 Homerici
914 1670 1101 1736 Aristarcho
1128 1690 1194 1734 non
1220 1667 1413 1732 observatas.
1456 1663 1521 1730 Sed

349 1774 384 1837 in
398 1774 516 1839 malam
529 1774 647 1840 famam
661 1776 855 1861 pertinaciae
870 1778 984 1843 incidit
1004 1778 1052 1842 vir
1074 1776 1358 1843 excellentissimus
1378 1794 1436 1858 per
1456 1793 1521 1849 eos,

352 1883 468 1966 quibus
482 1884 630 1968 pertinax
647 1883 816 1952 videbatur
830 1884 917 1952 nolle
935 1888 1138 1952 constantem
1158 1886 1273 1969 poetae
1294 1881 1401 1967 legem
1423 1878 1523 1945 semel

349 1988 401 2055 vel
428 1991 479 2055 bis
500 1991 633 2078 migrari
655 1996 688 2058 et
706 1992 786 2058 haec
804 1993 832 2059 si
852 1993 999 2059 codicum
1021 1992 1211 2058 auctoritate
1234 1990 1338 2056 sanari
1360 2010 1426 2054 non
1447 1991 1522 2072 pot-

349 2101 441 2164 erant
470 2098 565 2164 obelo
592 2103 719 2180 notare,
751 2101 868 2185 quibus
894 2103 1041 2187 pertinax
1066 2102 1183 2180 visum,
1216 2120 1290 2164 cum
1316 2098 1521 2163 observatum

349 2209 435 2272 esset
448 2207 569 2291 ubique
583 2211 714 2293 poetam
731 2209 780 2273 uti
801 2203 924 2287 ἐθέλω,
949 2209 1086 2275 scribere
1108 2200 1457 2272 HHAxrAH‘eEA
1474 2240 1520 2265 -.

350 2312 403 2381 Sic
430 2314 515 2379 enim
541 2316 619 2380 talia
640 2315 832 2382 scribebant.
875 2316 929 2383 Sic
949 2317 1154 2383 Herodianus
1180 2317 1209 2379 Θ
1230 2319 1291 2381 229
1312 2307 1367 2377 ὅτε
1388 2303 1431 2397 δή
1453 2332 1522 2398 φα-

349 2443 409 2503 μεν
430 2422 550 2508 duplici
571 2424 667 2489 modo
689 2423 787 2489 scribi
806 2445 902 2510 posse
925 2424 1014 2503 dicit,
1038 2427 1071 2490 et
1090 2416 1358 2505 AHoA‘MEN‚
1380 2422 1422 2498 et,
1446 2419 1523 2503 quia

349 2531 383 2594 in
407 2530 471 2596 hoc
497 2523 637 2595 δύναται
662 2534 848 2618 ποιητικῶς
869 2524 1135 2616 ἆποβεβλῆσθαι
1159 2527 1198 2595 τὸ
1221 2551 1298 2593 ε-
1319 2549 1440 2613 neque,
1468 2528 1523 2605 ait,

349 2639 530 2704 necessario
555 2639 747 2706 servandum
769 2641 812 2704 sit
832 2640 924 2704 utin
945 2635 1056 2704 ἐθέλω
1078 2638 1252 2705 Homerica
1275 2674 1329 2717 -‚
1353 2629 1522 2700 AffeA-

348 2746 465 2811 MEA':
492 2748 596 2812 crasin
624 2748 779 2815 nominat.
821 2745 892 2814 Nos
914 2748 948 2813 in
969 2748 1021 2814 his
1043 2746 1183 2814 solemus
1209 2739 1355 2832 Πηλείδη
1377 2734 1469 2806 ἔθελ’
1490 2746 1523 2806 et

350 2852 390 2941 δὴ
414 2848 543 2942 ἔφαμεν
568 2854 620 2922 rel
646 2855 808 2921 coronidis
834 2856 930 2941 signo
958 2855 1023 2921 illis
1045 2856 1160 2942 ignoto
1183 2857 1224 2938 (v.
1245 2851 1324 2918 hob.
1346 2850 1387 2915 ad
1407 2848 1458 2914 Ai.
1483 2853 1520 2930 1).

431 2962 520 3029 Hace
542 2967 575 3031 et
596 2964 674 3030 talia
694 2965 729 3029 in
751 2964 977 3029 observatione
998 2962 1194 3028 nitebantur.
1229 2959 1295 3027 Sed
1315 2961 1522 3024 occurrerunt

350 3069 426 3151 alia,
446 3093 529 3155 quae
550 3072 579 3137 si
599 3072 634 3136 in
656 3071 844 3137 alterutram
863 3076 989 3157 partem
1012 3070 1184 3136 diiudicare
1207 3067 1305 3134 velles
1325 3087 1451 3132 summa
1470 3063 1521 3127 iu-

350 3178 438 3263 genii
460 3178 639 3245 subtilitate
663 3201 744 3265 opus
766 3184 844 3245 erat.
880 3181 910 3243 B
929 3186 1003 3258 299,
1024 3180 1081 3244 ubi
1101 3177 1212 3243 Ulixes
1232 3176 1369 3243 Graecos
1391 3172 1521 3238 domum

349 3285 452 3350 redire
475 3287 640 3371 cupientes
663 3287 851 3353 cohortatur
872 3289 910 3352 ut
929 3290 1094 3352 maneant:

430 3392 528 3480 τλῆτε
549 3389 647 3482 φίλοι
671 3391 728 3459 καὶ
747 3387 874 3477 μείνατ’
899 3390 957 3459 ἐπὶ
975 3391 1093 3479 χρόνον
1114 3432 1154 3442 --

349 3501 508 3568 Zenodoti
528 3502 625 3569 lectio
647 3507 717 3569 erat
737 3496 787 3567 ἔτι
806 3498 935 3587 χρόνον.
978 3501 1066 3568 Audi
1086 3501 1320 3577 Aristonicum:
1341 3491 1394 3562 ὅτι
1418 3487 1521 3580 Ζηνό-

349 3606 448 3687 δοτος
461 3603 583 3700 γράφει
599 3605 649 3675 ἔτι
668 3604 797 3694 χρόνον,
821 3603 1017 3687 ἀπιθάνως·
1040 3605 1186 3697 ἔμφασις
1207 3603 1269 3692 γὰρ
1292 3599 1417 3689 γίνεται
1437 3600 1522 3666 πολ·

348 3716 410 3783 λοῦ
429 3714 549 3804 χρόνον
572 3716 629 3784 διὰ
650 3721 711 3786 τοῦ
733 3713 791 3786 ἔτι.
835 3719 877 3785 H.
898 3743 926 3787 e.
949 3741 1023 3785 cum
1043 3711 1092 3783 ἔτι
1120 3716 1199 3782 dicit
1218 3713 1406 3781 memoriam
1426 3732 1521 3776 reno-

347 3830 403 3893 vat
427 3826 521 3915 longi
546 3828 719 3913 temporis,
746 3828 919 3913 quodiam
940 3827 975 3893 in
997 3826 1183 3892 obsessione
1205 3827 1239 3890 et
1257 3823 1424 3888 laboribus
1444 3841 1522 3884 con·

350 3937 538 4003 sumserint:
562 3936 651 4022 quod
665 3958 732 4001 nou
754 3936 932 4021 prudenter
950 3934 1072 4000 factum
1092 3933 1156 3999 hoc
1177 3936 1331 4018 tempore.
1354 3967 1392 3978 -—
1416 3931 1446 3992 Β
1462 3933 1521 3994 314

349 4043 389 4109 dc
410 4049 561 4131 serpente
580 4067 728 4132 passeres
751 4045 938 4110 devorante:

430 4145 502 4216 ἔνθ1
526 4148 584 4237 b'ye
604 4150 683 4230 τοὺς
705 4148 833 4217 ἐλεεινὰ
856 4145 1023 4236 κατήσθιε
1041 4151 1245 4234 τετριγῶτας.

414 4389 453 4433 25⁶
472 4381 584 4462 ὤτρυνε
601 4389 699 4456 Parc,
716 4386 849 4445 Zenodot.
870 4381 930 4459 ὄτρ.
948 4416 981 4429 -
999 4383 1055 4441 Adi
1072 4382 1264 4441 Herodianum
1282 4382 1306 4437 Δ
1323 4386 1348 4439 3.
1366 4382 1392 4436 Β
1410 4385 1467 4437 808.
