3425 4934
569 342 593 393 l.
622 337 748 409 βάλλειν,
766 332 895 402 οὐτάσαι,
912 337 973 391 eim.
1313 345 1353 406 67

184 499 363 565 imitatores
374 501 477 566 dicere
491 502 631 569 solemus
644 504 871 570 Alexandrinis
881 504 999 570 servari
1012 503 1103 570 solet.
1124 502 1259 568 Factum
1268 502 1352 566 idem

184 606 428 691 inhermibus,
450 610 621 694 dequibus
642 612 739 676 modo
755 612 971 696 exposuimus.
1005 610 1116 694 Eurip.
1132 609 1264 694 Hippol.
1279 615 1354 678 684:

638 713 722 795 Ζεύς
743 711 771 783 o'
795 712 814 783 ὁ
835 710 996 808 γεννήτωρ
1018 713 1099 793 ἐμὸς

433 818 613 910 πρόρριζον
634 818 822 913 ἐκτρίψειεν
843 817 988 902 οὐτάσας
1008 818 1098 907 πυρί.

184 928 246 994 Ubi
272 928 374 994 schol.
407 924 440 996 oi
465 926 621 1017 νεώτεροι
646 926 707 999 οὐκ
731 927 825 998 ἴσασι
851 930 912 1022 τὴν
939 928 1106 1022 διαφορὰν
1126 933 1186 996 τοῦ
1215 922 1355 997 οὐτάσαι

184 1032 239 1100 καὶ
262 1035 393 1118 βαλεῖν·
416 1033 564 1124 Ὅμηρος
585 1038 623 1105 δέ
643 1034 785 1107 οὐτάσαι
810 1036 873 1123 μὲν
891 1036 931 1106 τὸ
961 1035 998 1105 έκ
1027 1036 1139 1120 χειρὸς
1162 1035 1220 1104 καὶ
1240 1032 1278 1103 ἐκ
1297 1041 1355 1104 τοῦ

183 1136 335 1227 σύνεγγυς
360 1146 502 1228 τρῶσαι,
529 1148 645 1231 βαλεῖν
674 1146 711 1214 δέ
730 1146 769 1216 τὸ
798 1140 979 1234 πόρρωθεν
999 1154 1039 1226 (v.
1063 1147 1167 1213 Clark
1188 1148 1230 1213 ed
1250 1149 1280 1209 P
1298 1152 1354 1214 86:

184 1252 238 1335 qui
265 1252 306 1317 ed
333 1252 505 1321 honorem
531 1257 714 1323 attenderet
738 1258 835 1322 etiem
861 1257 894 1319 A
913 1262 985 1324 505.
1008 1259 1091 1338 540).
1130 1253 1220 1319 Idem
1240 1254 1351 1338 Eurip.
1369 1259 1424 1330 (⁷9)

182 1357 275 1426 Herc.
291 1359 326 1428 ll.
343 1368 402 1429 199
414 1360 554 1448 τυφλοῖς
573 1356 721 1446 ὁρῶντας
738 1355 884 1440 οὐτάσας
903 1357 1091 1443 τοξεύμασι.
1114 1403 1154 1412 -
1175 1361 1354 1445 Aeschylus

183 1458 333 1552 nlpyfn'
355 1460 507 1554 ἀτράκτῳ
525 1473 648 1557 τοξικῷ
668 1468 726 1536 τὸν
747 1464 844 1536 ἀετόν
866 1470 982 1556 fragm.
1001 1468 1147 1554 Myrmid.
1171 1492 1199 1553 p.
1219 1474 1256 1536 81
1282 1467 1353 1534 Sch

184 1573 234 1659 (fr.
249 1582 307 1643 145
318 1575 446 1661 Herm>
455 1578 493 1645 ³⁹.
515 1573 615 1659 βέλος
628 1579 668 1646 de
682 1579 791 1664 gladio
804 1578 883 1644 Eur.
893 1578 943 1644 El.
955 1585 1043 1645 1141.
1066 1577 1121 1641 Ar.
1132 1576 1270 1641 Acham.
1284 1579 1354 1642 306.

183 1719 223 1729 -
243 1680 403 1748 Pindarus
425 1678 543 1749 άκοντι
563 1680 664 1750 ἔλασε
686 1679 815 1752 σκοπόν
837 1687 888 1752 Ολ.
910 1686 939 1750 X
961 1691 1000 1754 85
1023 1682 1160 1768 <X171>
1182 1683 1354 1765 (Homerus

183 1792 220 1853 ut
244 1790 337 1856 decet
361 1787 488 1857 σκοπὸν
510 1782 548 1858 dv
570 1786 664 1858 σέτω
691 1816 743 1870 τις
763 1789 866 1877 βάλεν
888 1784 970 1880 ἀνήρ
990 1815 1010 1872 χ
1031 1795 1072 1875 6).
1112 1789 1221 1855 Nonn.
1241 1788 1315 1854 XXI
1335 1795 1355 1855 9

184 1889 284 1981 αὐτὰρ
314 1891 333 1962 ὃ
361 1892 529 1989 θαροήεις
553 1895 763 1985 έπεμάρνατο
793 1897 923 1982 μείζονι
955 1896 1058 1986 πέτρῃ
1088 1893 1263 1983 τρφχαλέῃ,
1299 1893 1356 1960 καὶ

183 1999 298 2088 στέρνα
327 2002 503 2089 βοώπιάος
526 2001 632 2098 ἤλασε
658 2002 812 2097 Νύμφης.
832 2048 873 2058 -
894 2008 1045 2093 Apollon.
1067 2007 1129 2073 Rh.
1151 2004 1198 2070 IV
1220 2011 1280 2072 507
1299 2026 1355 2067 τυ-

183 2109 256 2188 alls
275 2118 424 2200 κεραυνῷ
438 2114 516 2181 etll
534 2124 612 2186 1040
633 2104 738 2204 ἧκεδ)
761 2109 812 2181 ἔπ’
831 2109 953 2183 οἰωνὸν
972 2111 1109 2195 ταχινὸν
1133 2109 1220 2190 έλος,
1245 2104 1353 2193 αὐτὰρ

183 2213 298 2285 ἔπειτα
330 2220 471 2309 πλῆξεν,
503 2225 589 2290 idem
616 2223 663 2290 ΙΠ
691 2229 770 2294 1310
801 2217 1027 2308 βεβολημένος
1059 2245 1117 2308 pro
1149 2215 1355 2301 τετυμμένος.

184 2326 318 2413 Oppien.
340 2330 415 2397 Hel.
438 2334 467 2395 Β
489 2337 559 2400 372.
581 2338 642 2400 473
664 2325 798 2411 οὐτάζει
818 2327 979 2415 βελέεσσι,
1001 2331 1080 2396 item
1103 2322 1261 2394 ofreoroc
1282 2350 1355 2393 cum

182 2432 280 2517 βέλος
305 2439 513 2505 coniunctum
540 2441 573 2504 Δ
597 2441 702 2507 552.40
756 2442 786 2504 Β
808 2446 870 2508 522
900 2436 958 2504 καὶ
989 2436 1050 2522 γάρ
1079 2459 1135 2502 τοι
1159 2433 1217 2500 καὶ
1241 2436 1357 2519 βουσὶν

183 2536 338 2627 ἀνάρσιος
358 2537 431 2611 εὖτε
451 2542 602 2635 πελάσσῃ
624 2536 763 2632 οἶστρος,
784 2540 963 2635 ένιχρίμψφ
985 2541 1023 2610 δέ
1042 2540 1143 2626 βέλος
1164 2538 1358 2627 λαγόυεοσιν

183 2643 325 2733 άραιαῒς.
361 2653 438 2739 Gyn.
455 2658 557 2723 6460
576 2651 680 2738 πικρὰ
702 2651 846 2738 βέλεμνα
870 2656 979 2742 orygis
1000 2652 1167 2718 cornuc⁴¹.
1203 2650 1256 2717 Sic
1276 2651 1356 2716 hoec

247 2857 274 2896 ³⁹
290 2854 473 2910 Memorabile
491 2859 540 2919 est,
558 2857 707 2925 πλήσσειν,
725 2855 803 2910 cuius
821 2859 951 2911 comune
970 2852 1047 2924 apud
1064 2850 1216 2904 Homerum
1232 2866 1297 2903 neus
1314 2852 1356 2903 est

183 2936 216 2993 de
233 2938 394 2994 vulneribus
412 2943 441 2995 et
459 2940 550 3010 plagis
561 2956 649 3011 prope
661 2939 781 3005 inflictis,
799 2940 834 2995 de
852 2940 911 2995 solo
928 2937 1045 2993 fulmine
1064 2935 1146 2989 aliter
1163 2932 1218 2987 dici
1237 2934 1293 3003 (αλ.
1312 2950 1356 2988 κε·

183 3026 291 3096 ραυνῷ)
311 3026 334 3079 θ
352 3030 411 3080 455.
432 3026 455 3079 O
473 3029 530 3079 11'1.
548 3030 639 3093 μ416.
658 3028 674 3090 ξ
692 3029 749 3081 006.
767 3057 802 3065 -
818 3023 911 3086 Βέλος
930 3039 981 3093 pro
993 3019 1087 3091 gladio
1105 3036 1149 3089 ap.
1162 3017 1245 3087 Soph.
1257 3016 1356 3072 Ιλλυιελι.

182 3108 230 3160 004
244 3123 278 3161 ex
295 3107 406 3177 vulgari
419 3108 660 3178 interpretatione.
689 3109 744 3163 Sed
755 3109 931 3164 Hermennus
947 3107 1017 3161 hoec
1033 3104 1089 3159 elio
1106 3103 1190 3157 modo
1201 3101 1356 3158 adornavit.

247 3194 275 3234 4⁰
291 3193 398 3262 ώτειλε)
415 3192 568 3261 Hyacinthi
585 3193 686 3248 vulnus
702 3194 775 3249 Bion
793 3193 848 3248 VH
870 3193 935 3263 (xl)
954 3200 978 3247 4.

246 3278 272 3317 ⁴¹
293 3269 431 3348 ὄξυβελής
448 3281 490 3332 est
506 3294 551 3346 ep.
570 3276 650 3332 Hom
670 3278 694 3333 A
713 3283 761 3334 125
781 3268 852 3333 άλτο
870 3269 896 3331 δ’
914 3267 1012 3338 σ’ἳστιλς
1030 3266 1176 3344 ὀξυβελὴς,
1194 3272 1270 3342 qnod
1289 3271 1357 3326 Mei-

182 3359 287 3429 ringius
304 3360 334 3415 in
351 3360 594 3416 Commentatione
612 3362 647 3416 de
664 3362 749 3416 subet.
770 3361 864 3431 copul.
882 3378 928 3430 cp.
946 3359 1027 3414 Hom
1045 3377 1072 3428 p.
1093 3362 1123 3411 12
1141 3359 1217 3411 reete
1235 3356 1358 3426 explicat

184 3436 233 3509 σ’ξὺ
249 3445 335 3517 βέλος
353 3438 402 3503 ὧν.
433 3444 513 3511 Quod
529 3446 675 3501 hensferri
691 3448 786 3516 potest
801 3444 839 3500 ed
856 3436 954 3507 πάλος
974 3443 1113 3513 ὀξυβελὴς
1129 3440 1250 3497 Helieut.
1278 3442 1356 3494 All.

182 3528 226 3584 Sic
237 3529 419 3600 explicuerim
437 3530 513 3600 quod
530 3530 607 3601 opud
624 3530 746 3585 eundem
763 3529 928 3600 scriptorem
945 3526 1064 3598 legimus
1081 3526 1105 3581 A
1124 3530 1172 3582 105
1192 3528 1273 3594 νλκφς
1288 3526 1358 3593 γλυ-

184 3615 317 3684 κύδωρον
332 3613 450 3685 κράτος,
467 3613 485 3669 i.
504 3631 527 3669 ε.
545 3616 629 3684 νίκης
644 3608 754 3683 κράτος
765 3613 854 3685 γλυκὺ
866 3617 966 3683 δῶρον
984 3605 1026 3666 ὄν.
1054 3608 1109 3665 Sed
1126 3608 1164 3663 ib.
1181 3609 1269 3662 Bere
1281 3601 1356 3677 αλψα

183 3695 215 3751 δέ
231 3703 310 3754 νῶτα
328 3691 461 3770 καράβου
479 3689 602 3770 deesse
619 3697 826 3769 περιβάλλεται
850 3698 1050 3767 ἅμφιχυθεῖσα
1066 3710 1118 3749 nec
1138 3693 1188 3747 illc
1205 3691 1354 3762 explicatio
1372 3695 1404 3746 67

182 3781 256 3837 velet
277 3800 330 3838 nec
349 3799 383 3837 ex
400 3782 541 3839 Homerici
558 3782 691 3838 sermonis
708 3781 770 3851 lege
791 3782 863 3837 haec
882 3780 951 3850 βέλη
968 3781 1041 3833 sunt.
1071 3778 1112 3832 Cf.
1130 3775 1312 3845 Empedocles
1330 3794 1355 3830 v.

183 3870 230 3922 234
252 3870 331 3938 (004)
353 3865 578 3940 αὖτὰρ“έχλνοις
600 3860 749 3938 ὀξυβελεῖς
765 3873 866 3937 χαῖται
887 3855 996 3928 νώτοις
1013 3862 1223 3932 ἐπιπεφρίκασι
1240 3859 1314 3930 (Ηελ.
1330 3861 1356 3914 Β

182 3954 230 4006 225
249 3945 397 4023 ὀξυβελεῖς
415 3949 527 4023 ἐχῖνοι).
561 3945 700 4007 νώτοισιν
723 3940 895 4022 ὅξυβελέσσι
912 3948 1017 4018 Cyneg.
1035 3949 1061 4001 Γ
1076 3951 1126 4002 000
1143 3962 1194 4016 pro
1212 3961 1258 4007 eo,
1280 3943 1356 4012 quod

181 4052 253 4090 nuno
269 4035 398 4105 legimus,

492 4118 570 4186 θοὰς
587 4114 707 4192 ἔφριξεν
723 4113 845 4189 έβείρας
862 4120 910 4187 (σε.
927 4115 1043 4186 hystrix)

388 4208 439 4261 καλ
454 4205 480 4261 τ’
500 4196 594 4262 σ’πέσω
613 4196 752 4258 νώτοισιν
770 4194 939 4273 α’καχμένον
957 4191 1141 4269 ώκυπέτφσιν

393 4288 459 4354 lete
476 4284 626 4356 ἀκοντίζει
644 4281 775 4358 μαλερὸν
790 4284 878 4358 βέλος
897 4315 931 4325 -

182 4374 296 4430 coniicit
314 4378 345 4430 et
367 4373 494 4429 defendit
512 4373 668 4429 Loheclrius
685 4371 728 4426 Αἰ.
746 4390 774 4441 p.
793 4375 852 4426 070.
870 4369 986 4440 perelip.
1004 4386 1032 4439 p.
1051 4372 1109 4424 206.

1111 4453 1148 4505 5*
