3425 4934
551 396 558 419 ,Ι
582 350 604 400 2
628 344 669 401 De
686 343 938 416 intoraapiratione.

501 509 538 577 τὸ
558 515 699 596 χρυσοῦν
719 551 760 565 ·-
782 505 929 597 ὀρνίθων
950 506 1054 595 γένος,

255 617 333 697 τούς
353 614 604 709 καλλιμόρφους
624 617 681 685 καὶ
702 617 946 703 περιβλέπτους
965 606 1060 694 ταῶς.

174 857 268 926 taque
285 873 342 912 non
360 872 425 912 caan
443 856 568 923 fortuito,
589 858 638 912 aad
656 857 778 926 quadam
795 856 823 911 vi
840 855 950 911 ratione
967 857 1084 910 naturae
1101 853 1178 907 facto
1194 851 1233 921 (h.
1246 866 1269 906 e.
1287 866 1343 904 non

174 940 259 997 δέσει
275 941 324 996 aed
341 932 439 1013 φύσει)
456 940 487 996 Ρ.
505 940 633 1011 Nigidius
650 940 681 996 in
702 939 893 1012 grammaticis
915 936 1120 996 commentariis
1142 934 1249 997 docuit.
1272 936 1343 988 teate

175 1025 264 1081 Gellio
287 1026 313 1079 X
335 1030 362 1080 4:
393 1025 442 1082 ille
464 1026 577 1096 quidem
598 1026 657 1081 sine
681 1026 766 1082 dubio
794 1042 851 1081 non
872 1023 963 1079 minuo
989 1020 1171 1092 Pythagoreis
1192 1018 1247 1074 suia
1269 1018 1343 1073 idem

174 1110 336 1165 tenentibus
348 1110 473 1165 confisus.
496 1110 592 1166 Refert
604 1109 708 1166 Gellius
720 1128 755 1166 ex
767 1128 800 1167 eo
811 1108 882 1165 illud
895 1107 1035 1180 „lepidum
1048 1109 1078 1161 et
1088 1105 1219 1161 festivum
1231 1103 1344 1166 viaum“‚

175 1212 224 1249 our
240 1197 319 1251 motu
337 1195 460 1264 quodam
477 1193 531 1250 oris
549 1196 732 1251 conveniente
754 1213 819 1250 oum
835 1193 922 1265 ipaiua
939 1192 1018 1249 verbi
1035 1189 1271 1247 demonstratione
1288 1187 1345 1243 Vos

175 1279 299 1335 dicamus
311 1296 362 1351 per
373 1279 406 1343 V,
425 1283 524 1336 contra
534 1280 590 1337 Noe
601 1297 653 1353 per
663 1280 699 1337 N.
727 1279 765 1336 ut
780 1281 849 1336 item
866 1279 923 1334 alia
940 1276 1113 1349 pronomina.
1142 1274 1218 1341 Quae
1229 1292 1247 1328 a
1259 1274 1346 1341 Chry·

175 1365 255 1435 sippo
274 1381 337 1419 eum
354 1368 514 1421 mutuatum
531 1383 589 1421 eoae
606 1365 745 1423 simillime
763 1366 798 1421 de
818 1358 877 1434 έγό
895 1364 1087 1435 disputantem
1104 1361 1181 1432 apud
1195 1358 1291 1415 Galen.
1311 1360 1345 1413 de

175 1446 283 1503 Platon.
302 1452 331 1503 et
350 1449 484 1520 Hippocr.
503 1449 594 1521 dogm.
613 1450 640 1505 H
660 1457 684 1517 2,
702 1449 812 1506 monuit
822 1448 988 1519 Rudolphua
999 1445 1169 1503 Schmidtiuo
1185 1444 1216 1500 in
1233 1443 1346 1513 egregio

175 1531 281 1599 libello,
308 1532 338 1587 in
360 1551 415 1602 quo
438 1533 473 1589 de
494 1534 537 1589 hia
559 1551 671 1604 quoque
692 1534 849 1591 Stoicorum
875 1532 1030 1589 rationibus
1052 1530 1143 1587 multa
1163 1529 1274 1599 egregie
1296 1545 1346 1582 noa

176 1617 283 1681 edocet,
300 1617 335 1672 de
353 1617 507 1675 Stoicorum
524 1619 753 1691 grammaticen
770 1612 1346 1685 er-loann.1>iao.a11egor.uheog.

175 1700 288 1773 Heap.
312 1707 361 1760 549
379 1701 436 1758 Gai.
459 1695 620 1768 πολλάςδ’
644 1699 761 1778 εύρησει
782 1722 827 1769 τις
848 1695 1077 1800 ουμπασγσύσας
1100 1698 1196 1765 λέξεις
1216 1706 1280 1763 τοῖς
1299 1694 1347 1752 im

176 1781 273 1841 αὐτῶν
294 1784 520 1856 σημαινομένοις
539 1789 589 1845 καί
610 1788 793 1859 μιμουμένας
814 1788 896 1844 aare
929 1789 980 1843 καί
1001 1775 1113 1857 μάρτυς
1133 1784 1294 1853 τοῦλόγου
1313 1782 1348 1838 τὸ

177 1865 261 1936 λιμός
282 1864 427 1940 ὄνομα..
446 1874 522 1928 ,καί
542 1866 578 1929 τὸ
601 1866 705 1930 tota*
689 1891 782 1942 ονομα
798 1874 850 1929 καί
870 1890 906 1928 το
895 1865 1003 1936 ἐἶδος
1019 1873 1209 1942 μαρτυροῦσι.
1237 1861 1273 1922 τό
1291 1860 1348 1937 γὰρ

177 1949 242 2009 ίδέα
258 1949 307 2009 διὰ
322 1959 376 2011 τοῦ
391 1977 402 2010 ι
418 1950 572 2029 γράφεται,
588 1960 642 2027 τίγν
657 1960 719 2012 ταῦκ
735 1957 823 2013 ἰδεῶν
839 1955 964 2013 ἐκείνων
980 1955 1183 2024 ύιιοσημαῐκον
1199 1945 1349 2019 ἁπλότητα

176 2041 237 2093 τῶν
247 2038 489 2100 Πλατωνικῶν..
501 2040 630 2111 ,Τοαςίί
643 2040 761 2099 eandem
772 2058 872 2112 remp.
885 2045 943 2105 567,
961 2039 996 2095 de
1006 2042 1129 2110 χίμαιρα
1145 2040 1174 2094 et
1190 2031 1350 2107 χείμαρρος

177 2139 326 2193 exponens.
349 2124 499 2182 Praeterea
511 2126 596 2198 (549)
616 2119 677 2185 ἀλλ’
688 2121 763 2200 διιερ
776 2126 925 2198 ἐλέγομεν,
942 2136 994 2196 τῆς
1012 2118 1088 2183 έπ”’
1069 2140 1177 2194 απειρα
1194 2124 1254 2178 τῶν
1271 2111 1351 2190 ἀριδ

175 2211 241 2277 μῦν
256 2202 423 2303 προόδσυ“
406 2232 424 2281 η
438 2215 493 2267 του
509 2201 678 2280 πνεύματός
694 2207 757 2268 ἐστι
776 2205 901 2282 δασύτης
913 2210 1065 2281 δηλατικη.
1094 2206 1183 2263 Docet
1195 2222 1243 2261 cur
1255 2219 1350 2259 omnes

176 2291 295 2357 numeri,
312 2310 430 2362 quorum
448 2294 609 2368 principalia
626 2295 709 2352 litera
727 2299 769 2353 eet
787 2315 809 2362 e,
828 2294 988 2367 aspirantur
998 2296 1116 2364 excepto
1135 2288 1227 2347 έννία.
1257 2289 1351 2358 ὁρμὴν

176 2375 233 2446 γὰρ
251 2377 361 2434 ιδσανεί
377 2383 504 2451 φυσικὴν
521 2375 631 2451 ἔχει’
598 2399 635 2437 τυ
652 2374 685 2438 έν
702 2373 745 2446 είς
762 2374 930 2448 σκεδασμόν
947 2396 980 2435 τε
997 2379 1048 2434 καί
1064 2369 1246 2446 πληδυσμότ,
1264 2390 1298 2443 ην
1314 2372 1349 2440 δὴ

177 2458 272 2531 ῥοπὴν
288 2456 500 2533 ὑποσημαίνειν
518 2461 616 2524 ἐθέλει
633 2469 687 2524 τοῦ
703 2460 871 2533 πνεύματος
888 2464 905 2535 η
923 2453 1056 2563 δασύτης.
1086 2460 1127 2517 Cf.
1147 2461 1182 2516 de
1202 2451 1235 2523 ἕξ
1251 2475 1306 2529 p
1293 2461 1350 2513 551

176 2543 219 2598 Βε
237 2543 368 2617 έννέαγ
386 2550 486 2604 548εί
504 2554 551 2605 551
574 2550 638 2605 infr.
662 2549 766 2618 ,έννέα
789 2547 822 2607 δέ
842 2539 997 2620 είρηται’
978 2543 1037 2604 απὸ
1054 2549 1109 2604 τοῦ
1124 2564 1160 2601 τσ
1149 2538 1302 2614 ’ἐκχυθέν
1318 2535 1352 2596 ἓν

178 2630 228 2685 καί
245 2625 294 2685 διὰ
310 2634 371 2686 τῶν
389 2627 486 2688 ἀλλων
501 2629 653 2702 προελθὸν
669 2635 785 2704 μέλλειν
802 2630 836 2691 έν
851 2637 889 2705 τῇ
905 2625 1014 2698 δεκάδι,
1032 2628 1263 2700 δευτερευομένη
1279 2620 1352 2695 adop

176 2708 568 2782 pertractaverant
590 2720 640 2774 καί
661 2714 738 2792 πρὸς
759 2713 849 2776 locri
872 2716 1055 2789 στρέφεσθαι
1078 2715 1128 2771 καί
1146 2707 1351 2780 ἀνακάμπτειν.

177 2794 252 2855 δίεν
273 2802 324 2856 καί
344 2802 496 2871 ψιλοῦταί,
521 2806 575 2872 την
598 2797 741 2874 συστολην
760 2797 813 2873 τὴν
833 2795 909 2874 πρὸς
930 2796 1020 2858 ἑαυτό
1043 2805 1097 2857 τοῦ
1117 2790 1282 2866 πνεύματος
1298 2798 1353 2852 τοῦ

178 2887 269 2955 ψιλοῦ
284 2881 506 2955 &pertemere
538 2886 652 2943 Scilicet
674 2890 724 2943 aut
744 2887 791 2944 hic
808 2887 1002 2957 Pythagoreus
1020 2886 1062 2941 eat
1078 2887 1129 2941 ant
1145 2898 1239 2938 nemo:
1265 2884 1295 2937 τί
1313 2875 1349 2937 τύ
1366 2886 1415 2939 328

179 2961 371 3041 coecitatem·
389 2962 525 3043 ἀριθμός.
558 2971 697 3043 δεύτερον
708 2973 741 3028 δέ
745 2994 757 3037 ,·
773 2965 809 3028 τό
827 2979 890 3036 τοῖς
906 2963 1060 3043 πράγμασι
1072 2988 1109 3025 τα
1097 2962 1256 3037 δνόματα
1272 2967 1352 3024 τιδέ-

159 3085 160 3089 =
179 3070 270 3121 μενον
285 3053 394 3125 (Iambl.
414 3055 464 3113 vit.
481 3055 563 3126 Pytln
582 3056 634 3128 82).
651 3087 686 3097 -
703 3055 846 3112 Addamus
863 3055 918 3110 hoo
934 3072 968 3110 ex
985 3053 1092 3110 recenti
1108 3051 1213 3109 acholio
1229 3052 1296 3125 (BL)
1315 3054 1351 3107 ad

184 3139 279 3195 0626:
297 3139 347 3194 ubi
360 3156 448 3209 quum
465 3134 563 3206 δεινός
578 3135 666 3212 ἀήτης
681 3141 731 3196 alii
747 3141 908 3207 scriberent,
926 3157 991 3211 pam
1009 3133 1106 3202 δεινός
1122 3130 1201 3208 ἀήτη,
1218 3139 1351 3207 magister
1362 3137 1433 3206 (ate)

181 3223 371 3292 argutissimus
392 3224 494 3279 habuit
516 3224 655 3294 quomodo
676 3225 756 3281 litem
780 3224 934 3283 dirimeret:
957 3223 1052 3291 ,τινές
1073 3227 1173 3288 κακῶς
1194 3225 1353 3293 νοήσαντες

181 3311 314 3378 θηλυκῶς
331 3304 520 3382 έκφέρουσιν·
544 3305 636 3382 ηγάρ
659 3311 800 3383 ἀρσενικη
819 3305 934 3383 έκφορά
957 3301 1217 3381 έμφαντικιύτερσν
1235 3301 1290 3363 τόν
1305 3300 1353 3362 λό-

181 3410 237 3463 γον
254 3385 449 3464 ἀπεργάζεται
470 3395 530 3449 καί
550 3387 613 3450 τόν
635 3386 769 3464 ἄνεμον
795 3385 1041 3468 σφοδρότερον
1062 3394 1265 3449 δείκνυσιν.“
1299 3391 1352 3447 Hic

181 3476 289 3533 seilicet
299 3477 460 3547 sapientior,
478 3493 564 3547 quarn
575 3482 683 3535 veteres
694 3479 808 3550 linguae
826 3478 990 3543 conditores,
1009 3496 1127 3548 quorum
1144 3476 1285 3533 mentibus
1300 3494 1351 3533 nec

183 3557 302 3618 θύελλαι
319 3579 372 3618 nec
393 3557 506 3629 ἄελλαι,
529 3563 619 3619 ventio
640 3562 772 3621 videlieet
795 3562 959 3634 rapidiores,
982 3562 1088 3617 absona
1109 3561 1286 3617 videbantur.
1320 3562 1352 3615 ln

183 3644 238 3700 illio
254 3648 339 3701 antea
356 3646 448 3701 allatis
464 3647 584 3703 maxime
598 3646 727 3703 mirabile
744 3648 836 3704 virum
853 3647 877 3702 si
893 3646 931 3702 ad
947 3647 1022 3705 vocis
1039 3650 1170 3704 naturam
1186 3646 1352 3702 imitandam

184 3747 241 3785 non
258 3746 325 3786 sono
341 3730 465 3798 litterae,
482 3733 531 3788 aed
548 3734 640 3790 forma
656 3733 699 3804 (ut
716 3732 830 3789 Vallum
847 3732 989 3804 Varronis)
1011 3750 1074 3788 usos
1090 3732 1245 3788 voluerunt,
1279 3730 1353 3798 Quid

185 3815 261 3884 quod
283 3815 368 3871 etiam
390 3816 480 3872 forma
501 3817 652 3873 accentus?
680 3817 887 3873 Choeroboacue
909 3816 946 3871 ad
964 3816 1099 3873 Theodos.
1117 3835 1144 3889 p.
1163 3822 1212 3873 429
1230 3816 1286 3873 Gai.
1303 3835 1353 3872 an-

184 3904 265 3956 notat
281 3899 337 3956 tn'a
356 3917 414 3957 ecoe
431 3900 462 3956 in
484 3921 519 3959 ov
537 3900 669 3958 exeuntia
687 3918 739 3957 neo
757 3901 947 3970 circumflexo,
968 3902 1016 3957 oed
1039 3905 1122 3957 acuto
1144 3902 1262 3972 signata
1281 3896 1353 3964 ἰδού,

185 3978 241 4053 ίού,
258 3978 301 4040 σύ.
323 3986 374 4040 καί
391 3979 492 4057 ἔχουσι
508 3981 670 4059 διαφόρους
687 3978 855 4058 σιτολογίας
880 3985 999 4058 λεγουστ
1011 4005 1067 4057 γαρ
1079 4005 1157 4052 τινε
1143 3981 1268 4042 ὅσι’
1236 4006 1272 4043 το
1289 3980 1353 4043 ἰδού

184 4063 332 4125 δεικτικὸν
343 4063 392 4124 διά
406 4074 494 4127 τοῦτο
508 4061 651 4139 ἀξύνετοι,
669 4065 772 4142 ἐπειδὴ
785 4063 968 4137 δεικνύοντες
984 4076 1028 4169 τοῦ
1043 4062 1175 4146 δακτύλῳ
1192 4066 1246 4128 τόν
1262 4065 1355 4128 τύπον

185 4165 236 4225 τῆς
253 4143 351 4218 όξείας
367 4153 578 4224 ἀποτελοῦμεν
606 4152 693 4213 ree
660 4155 693 4212 dt
712 4152 759 4212 ἰού
775 4149 825 4212 διά
841 4159 930 4212 τοῦτο
948 4145 1090 4222 ὀξύνεται,
1107 4149 1209 4227 ἐπειδη
1225 4159 1352 4227 σχετλια-

186 4228 387 4304 στικόνέστιν,
406 4235 479 4295 ozee
465 4236 710 4312 έσχετλιόζοντες
730 4232 805 4316 ἀξεί
792 4260 811 4295 α
827 4238 983 4313 κέχρηνται
1000 4245 1095 4311 φωνῇ
1113 4238 1149 4295 τδ
1168 4238 1201 4298 δέ
1217 4232 1289 4298 oti'
1270 4258 1355 4311 αρνη-

185 4319 269 4379 τικδν
286 4316 335 4379 dod
351 4327 440 4379 τοῦτο
461 4315 603 4391 ὀξύνεται,
621 4320 725 4396 ἐπειδη
741 4297 892 4396 ἀρυὴσεαίς
908 4319 972 4382 έστι
989 4319 1162 4395 δηλωτικόν,
1180 4316 1354 4399 ἀρνούμενοι

187 4400 255 4463 δὲ’
237 4401 418 4474 ανανεύομεν
434 4410 485 4464 καί
503 4402 704 4479 ἀποτελοῦμεν
721 4402 775 4465 τόν
790 4401 884 4465 τύπον
901 4413 951 4478 τῆς
969 4400 1125 4474 ἀξείας-
1144 4410 1272 4467 Ceterum
1290 4410 1354 4465 doc-

1095 4498 1147 4550 21
