3425 4934
371 311 432 376 254
821 297 870 353 IV.
893 296 934 352 De
951 294 1089 366 prosodia.

376 466 500 552 Τέννιξ,
524 462 681 554 Μύρμηξ,
700 459 810 552 Ἱέραξ
828 465 1110 552 (comprehendam
1125 487 1190 530 una
1203 464 1424 551 polysyllaba),
1450 460 1543 530 Τι’τυ·

372 603 440 665 ρος,
453 572 605 663 Ἔριφος,
623 568 805 659 Βάτραχος,
822 572 987 657 Δάμαλις,
1013 564 1197 662 Κόττυφος,
1213 565 1421 656 ’Ἀνθρωπος
1438 573 1543 654 (Euat.

373 695 442 771 847,
463 694 513 756 lo.
535 685 646 768 suin),
666 684 745 749 item
768 676 911 766 Βότρος,
935 678 1068 769 Δάφνη,
1089 674 1282 758 Ὑάκινθος,
1305 675 1487 770 Στέφανος,
1511 685 1546 748 et

372 789 509 881 Βούτης,
524 789 636 880 Ἕρση,
663 784 785 875 Θώραξ
803 792 907 874 (Pind.
928 791 1022 876 Pyth.
1044 789 1128 857 Xcl
1149 789 1265 875 <Idolis
1286 790 1414 874 Δῆμος,
1428 785 1546 872 Ἥρως

373 903 505 985 OEuseb.
533 901 608 968 hist.
635 898 711 967 eccl.
738 897 786 965 ΠΙ
807 905 857 968 36.
879 897 926 964 Ν
947 899 1014 981 20),
1040 891 1171 974 Κόννος
1198 896 1293 980 (Plnt.
1319 897 1445 964 Menex.
1471 901 1543 980 §b

373 1012 414 1078 cf.
440 1011 543 1076 Koen.
567 1009 699 1093 Gregor.
724 1031 755 1093 p.
778 1011 867 1090 291),
895 999 1065 1090 Κοίρανος
1089 1004 1139 1087 (ll.
1161 1006 1191 1068 Β
1211 1011 1282 1074 677.
1307 1007 1337 1068 Ρ
1354 1008 1443 1088 611),
1478 999 1545 1070 Tri-

373 1141 492 1203 ραννος
520 1115 683 1203 (Apollod.
714 1114 745 1180 ΙΙ
771 1122 804 1193 4,
832 1122 859 1182 5.
904 1113 1022 1180 Euseb.
1050 1113 1082 1180 h.
1111 1112 1185 1179 eccl.
1213 1111 1276 1177 VH
1301 1116 1369 1197 32),
1397 1108 1545 1203 Νεφέλη.

373 1228 463 1293 Ηαοο
478 1229 510 1292 et
530 1224 633 1289 multa
654 1222 772 1287 similia
792 1244 888 1288 nemo
910 1222 1003 1287 aliter
1024 1221 1143 1301 scribit,
1164 1221 1309 1306 quamvis
1330 1226 1364 1287 et
1383 1222 1481 1288 hodie
1502 1223 1545 1301 ad

373 1333 503 1420 propria
523 1354 581 1417 per
601 1333 769 1397 accentum
788 1328 1017 1416 distinguenda
1038 1329 1269 1414 promptissimi
1291 1331 1365 1394 sint
1398 1330 1545 1411 Causam,

374 1442 462 1528 quod
482 1439 689 1518 meminerim,
710 1459 805 1503 nemo
827 1436 916 1503 dixit.
959 1436 1090 1504 Scilicet
1113 1436 1248 1504 inclinat
1276 1461 1380 1504 sermo
1403 1438 1544 1505 Graecus

373 1552 408 1616 in
432 1549 495 1615 hoc
524 1549 565 1614 ad
585 1545 813 1611 retrahendum
837 1547 1019 1626 accentum,
1044 1567 1111 1611 non
1136 1545 1272 1611 inclinat
1292 1546 1333 1612 ad
1352 1569 1543 1631 promoven·

374 1658 459 1723 dnm.
494 1654 540 1721 Et
553 1653 790 1722 substantivum
805 1652 944 1737 quidem,
962 1653 996 1717 in
1018 1652 1078 1717 viri
1098 1652 1275 1719 feminaeve
1296 1676 1416 1720 nomen
1438 1658 1544 1720 tram·

373 1765 561 1842 formatum,
588 1761 623 1826 in
652 1782 716 1846 quo
746 1760 843 1826 finem
868 1782 979 1826 versus
1006 1764 1157 1826 accentus
1182 1765 1351 1846 promotus
1376 1763 1434 1840 sit,
1463 1762 1544 1828 mihi

374 1872 499 1938 nullum
530 1873 657 1956 praesto
689 1872 739 1935 est
765 1872 892 1954 praeter
911 1890 1022 1933 unum.
1064 1868 1185 1935 Herod.
1206 1870 1320 1936 Arcad
1345 1877 1419 1947 115,
1441 1876 1481 1937 24
1501 1867 1544 1934 cd

374 1972 423 2057 εἶς
440 2001 481 2065 χη
501 1971 616 2058 iborae
644 1969 727 2042 delo
748 1968 928 2063 σύμφωνον
948 1972 1033 2040 κατὰ
1054 1970 1220 2064 σύλληψιν
1241 1969 1265 2063 ἢ
1287 1969 1460 2043 διάστασιν
1480 1980 1545 2060 βα-

374 2079 521 2173 ρύνεται,
551 2077 674 2172 βάκχη,
707 2075 823 2170 κόγχη,
851 2078 966 2170 λέσχη,
994 2078 1102 2171 λόγχη.
1142 2081 1180 2150 τὸ
1208 2081 1245 2149 δὲ
1270 2080 1391 2172 Λογχή
1419 2079 1543 2169 κύριον.

374 2193 413 2261 τὸ
441 2190 479 2259 δὲ
504 2186 589 2280 ἀρχή
618 2184 780 2273 ὀξύνεται.
825 2191 921 2270 Quod
953 2191 1032 2259 satis
1062 2193 1171 2258 mirari
1202 2215 1267 2258 non
1300 2216 1442 2279 possum.
1484 2193 1544 2260 lllo

375 2305 522 2385 „nomine
544 2294 664 2387 κορίῳ“
684 2303 737 2383 (ne
751 2323 866 2366 navem
883 2300 988 2366 dicam
1002 2323 1100 2386 quam
1113 2301 1159 2366 ita
1179 2301 1380 2367 nominatam
1393 2302 1429 2367 in
1443 2302 1544 2367 classe

375 2410 568 2495 Atheniensi
591 2408 770 2475 enumerari
783 2410 936 2493 monent)
963 2409 1051 2474 canis
1072 2408 1153 2474 illud
1180 2431 1299 2475 nomen
1326 2410 1412 2494 apud
1436 2409 1545 2475 Xeno-

375 2518 531 2604 phontem
546 2537 659 2603 cyneg.
675 2522 739 2595 7,5
761 2515 802 2580 ab
824 2539 863 2581 co
885 2516 1102 2602 significatum
1124 2538 1194 2582 esse
1215 2518 1275 2583 erit
1297 2516 1385 2602 quod
1406 2517 1544 2595 dubites,

375 2628 453 2692 item
474 2629 511 2691 ut
531 2648 562 2710 p.
588 2630 655 2701 105,
681 2630 695 2690 1
718 2645 791 2688 cum
813 2624 907 2690 docet
929 2617 1051 2710 πληγή,
1074 2618 1168 2710 σιγή,
1188 2618 1326 2711 κραυγή,
1349 2618 1485 2710 Κραύγη
1509 2620 1546 2689 δὲ

374 2732 413 2798 τὸ
435 2727 557 2815 κύριον.
596 2729 681 2797 Nam
707 2730 833 2813 Grauge
860 2731 958 2797 etiam
982 2731 1016 2796 in
1046 2730 1112 2796 illis
1139 2754 1255 2799 canum
1280 2733 1465 2799 nominibus
1487 2736 1545 2799 est

375 2842 474 2928 Apud
491 2838 740 2926 Xenophontem
762 2838 893 2923 quidem
919 2842 952 2904 et
972 2837 1109 2926 Κραογή
1130 2841 1280 2906 scribitur
1300 2844 1333 2906 et
1352 2833 1482 2925 Λόγχηι
1508 2845 1547 2906 ut

377 2951 485 3016 omnia
513 2949 577 3014 illic
603 2946 716 3013 eodem
741 2950 876 3011 accentu
903 2950 1000 3032 atque
1025 2946 1230 3032 appellativa:
1257 2952 1294 3013 ut
1320 2971 1402 3033 quae
1424 2949 1545 3033 primae

377 3055 600 3124 declinationis
615 3058 690 3120 sunt
704 3053 842 3132 afferam,
861 3047 978 3141 Ὁρμή,
995 3049 1150 3141 Σοιοοδή,
1171 3048 1286 3143 Ἀλκή,
1308 3050 1411 3142 Ψυχή,
1432 3049 1545 3143 Ὁρμή,

376 3159 493 3251 Αἱχμή
509 3164 620 3230 eadem
635 3161 808 3227 celeritatis
821 3162 972 3249 imagine,
991 3161 1125 3248 Φροορά
1138 3202 1179 3211 -
1193 3187 1235 3229 an
1250 3159 1315 3227 Βία
1330 3165 1428 3231 ctiam
1442 3164 1545 3230 dicam

378 3277 411 3339 et
427 3266 544 3354 Xdpc'?
557 3309 598 3318 —
614 3293 696 3355 quaa
716 3269 832 3346 omnia,
854 3273 892 3335 ut
912 3293 988 3337 mor
1008 3272 1195 3352 videbimus,
1217 3295 1320 3358 aequo
1342 3272 1448 3337 animo
1470 3272 1546 3337 leri·

377 3402 463 3463 mus,
494 3401 554 3444 nec
584 3382 692 3444 tamen
721 3376 853 3466 Κραύγη
885 3379 981 3444 nimis
1010 3380 1200 3445 miraremur
1223 3402 1278 3445 -ε
1313 3380 1369 3446 sed
1393 3383 1431 3444 ut
1454 3379 1547 3445 valde

377 3488 565 3553 miraremur
593 3487 620 3552 si
646 3488 801 3572 scriptum
826 3492 912 3554 esset
938 3487 1025 3572 quod
1050 3487 1130 3552 item
1154 3488 1221 3554 illic
1248 3489 1336 3553 canis
1356 3510 1474 3553 nomen
1497 3492 1548 3554 est

313 3604 361 3655 268
375 3589 494 3680 Ῥώμη,
513 3594 576 3660 hoc
596 3595 696 3679 igitur
717 3595 745 3660 si
766 3596 922 3681 scriptum
945 3588 1159 3681 esset‘Pwpp',
1182 3595 1227 3662 sic
1241 3589 1360 3681 Λοηηή
1381 3597 1548 3681 proprium

294 3711 367 3783 (27¹1)
380 3704 475 3769 nobis
495 3703 546 3782 „in
566 3702 871 3769 insolubilibus“¹⁷⁷.
914 3702 1151 3784 Ptolemaeum,
1177 3726 1250 3769 cum
1270 3695 1420 3784 Σκομνός
1439 3702 1549 3787 requi-

376 3815 470 3889 reret,
490 3810 576 3876 idem
592 3810 795 3877 Herodianus
810 3835 877 3877 non
896 3811 1107 3897 probavit¹⁷⁸.
1143 3810 1206 3877 Sed
1227 3811 1262 3876 in
1275 3810 1463 3876 Ptolemaeo
1484 3809 1549 3876 hoc

444 4038 483 4079 777
501 4036 535 4091 In
552 4035 606 4091 illis
624 4035 740 4091 canibus
758 4037 803 4091 vel
820 4035 990 4091 adiectivum
1004 4033 1137 4108 Στεῤῥός
1154 4036 1192 4091 sic
1209 4035 1341 4091 scribitur
1357 4035 1387 4089 in
1404 4039 1483 4091 tortu
1496 4037 1549 4091 Xe·

378 4121 547 4193 nophonteo.
563 4151 598 4161 -
615 4120 688 4175 Plut
707 4120 786 4177 Thes.
804 4125 819 4176 9
838 4122 855 4191 ὴ
874 4119 906 4177 δὲ
923 4122 1125 4191 Κρομμυωνία
1144 4127 1207 4185 σῦς,
1230 4111 1263 4190 ἣν
1280 4118 1376 4176 Φαιὰν
1396 4117 1552 4191 προσανό·

379 4208 487 4275 μαζονε
505 4205 581 4274 quod
598 4222 648 4259 cur
665 4206 761 4260 Φαῖαν
778 4204 915 4260 scribatur
931 4205 961 4259 in
979 4204 1119 4260 Thesauro
1136 4205 1237 4262 nescio.

444 4291 483 4332 1⁷⁸
500 4288 602 4345 Similis
614 4307 690 4347 error
700 4290 788 4346 latere
805 4287 917 4345 videtur
934 4289 964 4345 in
981 4288 1015 4345 iis
1032 4307 1104 4359 quae
1115 4289 1148 4346 E.
1159 4290 1196 4344 M.
1209 4296 1259 4347 604
1276 4290 1407 4361 leguntur
1424 4290 1459 4346 da
1478 4296 1551 4362 νηῒς,

378 4377 408 4429 et
423 4377 569 4445 praeterea
586 4372 663 4429 alius
