3425 4934
659 336 682 388 3.
707 330 799 402 φέρει,
816 331 887 406 ἄγω.
1298 340 1357 404 137

188 527 242 569 rus
269 525 308 568 er
336 503 431 568 honis
457 502 674 569 monumentis
702 501 802 568 edidit
827 524 886 587 pro
917 498 977 581 ἐνί,
1003 504 1091 588 quod
1117 502 1266 588 equidem
1292 524 1358 567 non

190 611 302 677 dubito
328 612 406 695 quin
431 615 517 676 recte
542 609 663 676 decerit.
704 603 917 692 Λαγόνεσσιν
943 633 981 676 ex
1007 611 1171 697 epicorum
1196 630 1285 674 more
1307 609 1357 689 „in

189 723 309 786 utero“.

646 1046 766 1135 Φέρει.
791 1044 906 1135 ’Ἀγισ

270 1202 367 1267 Hunc
393 1199 501 1267 locum
531 1224 598 1268 non
623 1202 755 1272 catrico.
799 1206 833 1266 N
857 1206 918 1269 213
946 1193 983 1285 (ἡ
1008 1196 1127 1284 διπλῆ)
1154 1194 1205 1263 ὅτι
1232 1192 1360 1262 ἔνεικαν

190 1303 318 1396 εἴρηκεν
342 1301 388 1385 ὡς
412 1304 660 1391 βασταζομίνοο
687 1303 787 1375 αὐτοῦ
814 1310 867 1394 (de
888 1307 1044 1374 Diomede
1066 1305 1232 1373 vulnerato
1255 1329 1359 1372 sermo

190 1421 251 1500 est)
274 1412 331 1481 διὰ
352 1412 390 1482 τὸ
412 1417 551 1498 τραῦμα.
579 1416 666 1483 Hinc
686 1418 835 1505 intelligo
857 1416 921 1483 hoc
941 1413 1081 1481 voluisse
1103 1415 1258 1480 interesse
1276 1415 1362 1479 inter

190 1522 282 1614 φέρω
304 1529 337 1592 et
357 1516 436 1606 δίγω,
456 1529 494 1591 ut
515 1518 630 1612 φέρειν
652 1526 794 1593 dicamus
816 1525 843 1592 si
866 1510 944 1611 quid
957 1523 1020 1608 ipsi
1036 1522 1178 1587 humeris
1193 1521 1242 1586 vel
1257 1521 1361 1587 mani-

190 1636 250 1701 bus
272 1633 392 1699 uostris
413 1631 554 1713 ferimus,
577 1637 689 1699 contra
711 1626 811 1718 άγειν.
847 1631 942 1710 Quod
962 1629 1045 1695 bene
1068 1629 1189 1696 dictum
1211 1633 1243 1695 et
1262 1629 1361 1714 longe

189 1742 295 1809 verius
317 1763 415 1827 quam
439 1741 474 1807 id
501 1740 589 1825 quod
609 1741 723 1807 deinde
748 1739 894 1826 plerique
916 1738 1018 1805 secuti
1036 1737 1185 1803 videntur
1207 1737 1362 1818 (obruunt

189 1851 253 1918 hoc
273 1848 472 1927 inculcantes
486 1849 699 1933 grammatici)
719 1848 897 1914 animantia
911 1847 993 1928 duci,
1012 1844 1224 1910 inanimantia
1237 1844 1313 1909 feni
1323 1844 1361 1910 ⁷⁰.

191 1957 290 2036 Quasi
311 1956 368 2043 qui
388 1955 542 2023 vehiculis
564 1961 598 2023 et
617 1957 744 2023 feretris
766 1959 936 2043 argentum
957 1954 1172 2041 praedamque
1191 1952 1279 2017 ducit
1293 1974 1359 2018 non
1379 1960 1426 2010 138

191 2067 295 2132 dicere
316 2063 420 2152 possit
442 2060 562 2145 χρυσὸν
583 2057 653 2149 ίίγω
680 2068 714 2131 et
733 2064 860 2133 similia.
902 2062 989 2129 Hinc
1008 2061 1172 2148 intelligo,
1198 2083 1264 2126 non
1285 2059 1443 2131 Ari-(1⁴³)

190 2174 307 2241 stonici
333 2195 402 2239 esse
429 2172 526 2239 schol
566 2174 596 2236 P
616 2178 673 2241 163
697 2167 750 2238 ὅτι
776 2168 834 2237 ἐπὶ
855 2163 994 2261 ἀψύχων
1014 2166 1052 2234 τὸ
1075 2161 1256 2254 ἀγοίμεθα.
1298 2167 1362 2234 Sed

190 2281 367 2348 Aristonici
389 2283 484 2346 amnt
504 2279 599 2347 haec:
620 2280 661 2346 ad
679 2282 785 2348 ³11512
807 2277 894 2344 δῶκε
917 2271 949 2344 δ’
967 2269 1059 2363 άγειν
1080 2270 1248 2363 ἑτάροισιν
1262 2270 1361 2358 ὑπερ-

191 2382 334 2471 θύμοισι
361 2391 498 2473 γυναῖκα
524 2384 581 2453 καί
608 2379 742 2474 τρίποδ’
765 2379 915 2452 ιίτιάεντα
944 2383 1077 2475 φίρεινι
1102 2381 1187 2471 πρὸς
1206 2381 1268 2472 τὴν
1289 2382 1363 2448 δια-

192 2492 299 2585 φοράν
319 2499 379 2563 τοῦ
400 2488 494 2581 άγειν
514 2491 572 2560 καί
593 2491 718 2584 φέρειν.
745 2493 829 2562 Item
849 2496 892 2561 ib.
910 2500 970 2564 263
992 2487 1150 2560 ἱππεῦσιν
1169 2489 1230 2576 μὲν
1247 2494 1362 2576 πρῶτα

192 2599 380 2672 ποδώκεσιν
406 2594 500 2689 ἀγλά’
528 2596 639 2668 detta
661 2605 748 2690 θῆκε
769 2604 908 2686 γυναῖκα
935 2595 1096 2686 άγεσθαι,
1120 2595 1274 2684 ἀμύμονα
1295 2591 1360 2685 ἔργ’

191 2707 328 2792 εἰδυῖαν,
355 2708 413 2778 καί
432 2704 566 2793 τρίποδ’
589 2701 756 2777 deciana:
782 2705 834 2777 dcc
855 2706 1120 2791 σονεκδὲξασθαι
1142 2708 1193 2774 δεῖ
1211 2711 1259 2793 τῷ
1279 2704 1364 2787 ,οιαὶ

190 2814 327 2906 τρίποδ’
357 2812 597 2885 drasam-vc
629 2814 811 2909 φέρεσθαι·
840 2812 1007 2906 ἀκριβὴς
1041 2814 1112 2903 γὰρ
1142 2812 1160 2883 ὁ
1193 2812 1364 2901 ποιητὴς

192 2925 285 3014 περί
312 2924 359 2993 τὰ
388 2920 485 2993 ἀκτὰ
511 2922 577 2992 καί
602 2921 768 3016 φορητά.
810 2928 959 3012 Denique
981 2926 1013 2991 Ω
1039 2932 1099 2995 367
1122 2925 1160 2991 de
1181 2923 1309 2990 Priamo
1332 2915 1367 2987 εί

190 3031 241 3115 τίς
260 3058 298 3102 σε
320 3029 431 3101 ίδοιτο
448 3075 489 3087 -
502 3028 640 3101 τοσσάδ’
658 3027 777 3102 ὀνείατ’
802 3028 941 3119 dyona:
962 3029 1014 3101 ὅτι
1037 3024 1159 3116 ι’ίγοντα
1181 3023 1309 3118 εἴρηκεν
1324 3023 1361 3095 οὗ

193 3141 354 3234 φέροντα·
376 3136 414 3209 οὐ
438 3139 499 3227 γὰρ
522 3135 622 3222 αὐτὸς
643 3136 830 3226 ἐβάσταζεν.
861 3143 951 3209 Ηεοε
972 3143 1054 3208 bene
1076 3141 1231 3226 quadrare
1253 3139 1364 3205 videu-

192 3259 258 3336 tur‚
283 3253 380 3320 modo
406 3275 447 3318 ue
473 3274 603 3319 necesse
630 3255 716 3318 esset
741 3252 869 3318 credere
891 3249 1070 3317 Aristarchi
1092 3250 1271 3316 doctrinam
1292 3248 1364 3333 qui-

192 3362 328 3429 busdam
354 3360 473 3427 finibus
501 3359 774 3444 circumscriptam
801 3359 914 3437 firissa,
942 3380 1024 3443 quos
1046 3358 1097 3424 rel
1118 3357 1270 3442 migravit
1289 3356 1364 3420 Ari·

193 3471 336 3537 stonicus
357 3468 408 3535 vel
429 3487 490 3553 ego
512 3490 578 3533 non
599 3466 702 3532 video.
741 3466 872 3532 Etenim
894 3488 945 3531 res
967 3488 1033 3531 non
1055 3487 1129 3531 vera
1150 3467 1208 3544 est,
1229 3484 1289 3529 nec
1309 3485 1365 3528 re·

192 3602 261 3645 ram
290 3600 359 3644 esse
388 3580 456 3642 tam
483 3574 640 3661 expressis
669 3577 800 3660 tamque
825 3573 938 3638 vicinis
960 3572 1114 3657 exemplis
1134 3572 1303 3657 probatur,
1329 3572 1366 3634 ut

193 3686 415 3752 Aristarchum
450 3683 478 3748 si
511 3682 686 3768 quidquam
719 3682 753 3747 in
788 3680 852 3747 hoc
886 3702 1005 3768 genere
1032 3680 1094 3747 hoo
1119 3683 1227 3746 tamen
1252 3678 1365 3763 fugere

194 3816 260 3860 non
281 3792 432 3879 potuerit
467 3791 499 3855 Ω
521 3797 582 3858 502
602 3788 750 3855 Priamus
770 3788 892 3856 Achilli
920 3789 1009 3855 dicit:
1031 3784 1122 3874 φέρω
1146 3780 1177 3853 δ’
1202 3778 1363 3869 ἀπερείσι’

196 3894 330 3968 άποινα.
374 3923 400 3987 φ
424 3905 482 3970 196
503 3892 563 3963 καί
586 3919 638 3974 τις
658 3892 741 3973 θεὸς
762 3889 863 3964 αὐτὸν
888 3890 1021 3964 ὲνείκοι.
1064 3903 1123 3965 201
1147 3888 1269 3980 άγάγοι
1290 3887 1366 3959 δὲἑ

196 4001 334 4090 δαίμων.

261 4194 287 4235 ²⁹
303 4191 386 4247 Hunc
396 4207 531 4248 canonem
542 4187 658 4260 migrari
668 4187 764 4243 multis
781 4189 928 4258 poetarum
946 4186 1080 4260 exemplis
1097 4184 1220 4243 ostendit
1229 4184 1366 4241 Schrader

194 4278 231 4335 ad
248 4277 318 4334 Mna.
335 4295 363 4348 p.
386 4281 441 4333 128.
467 4274 548 4343 Quod
565 4274 612 4331 vix
629 4290 732 4345 operas
749 4271 872 4343 pretium
889 4276 956 4329 erat

665 4462 897 4474 -—-——-
