3425 4934
695 327 720 379 1.
742 326 830 392 τρετν.
1307 331 1346 392 79

180 486 325 552 technico
345 487 504 553 vocabulo
524 488 646 554 dictum
674 493 723 554 est
748 491 782 553 in
804 488 905 567 bello,
930 488 987 553 ubi
1015 486 1071 552 illa
1093 490 1278 554 retractatio
1302 489 1349 555 ita

179 592 245 658 fieri
267 594 360 677 solet,
380 598 417 660 ut
438 594 545 660 locum
567 599 752 681 statumque
775 588 793 661 d
815 592 920 677 τρέων
941 616 1007 660 non
1029 599 1153 675 teneat,
1175 590 1236 661 οὐκ
1257 590 1348 678 epae-

178 722 230 764 νεν
243 693 316 765 ἀλλ’
333 695 454 785 ἔτρεσε,
477 704 534 768 sed
553 703 700 770 celeriter
719 704 754 769 in
775 704 888 790 fugam
908 726 943 768 se
965 707 1154 768 convertens
1176 704 1348 790 profugiat

177 806 255 887 Nos,
277 814 311 875 11
331 810 369 874 lit
388 811 463 876 inde
484 816 523 877 ut
544 811 706 877 difficilius
726 811 962 898 intelligamus,
983 810 1176 876 vocabulum
1198 811 1286 896 quod
1307 813 1348 877 ad

178 937 288 983 omnes
303 916 417 983 Graeci
430 918 579 984 vocabuli
593 918 695 984 flexus
716 940 751 984 se
772 919 995 985 accommodet
1014 940 1081 984 non
1102 918 1267 998 habemus,
1287 942 1347 985 nec
1457 980 1466 987 .

177 1023 298 1089 habent
318 1023 434 1092 Latini.
470 1026 628 1114 Virgilius
650 1027 731 1092 Aen.
744 1024 805 1092 XII
821 1031 881 1096 889
904 1025 993 1105 Quae
1015 1048 1101 1092 nunc
1123 1027 1238 1092 deinde
1258 1048 1348 1093 mora

177 1133 247 1195 est?
268 1135 326 1196 aut
347 1133 425 1217 quid
445 1134 510 1198 iam
530 1132 640 1200 Turne
660 1138 836 1200 retractas?
865 1132 943 1200 Non
968 1156 1077 1215 cursu,
1097 1134 1200 1200 saevis
1221 1140 1347 1200 certan-

177 1237 251 1303 dum
279 1243 330 1304 est
350 1241 495 1306 cominus
517 1242 613 1306 armis
635 1278 675 1290 -
696 1241 754 1308 illo
779 1245 970 1323 „retractam
992 1241 1171 1326 putaverim
1190 1241 1347 1308 Graecum

174 1347 262 1427 τρεῖν
285 1347 462 1431 exprimere
488 1348 639 1414 voluisse.
684 1347 779 1427 Quod
809 1349 850 1414 ad
881 1371 941 1414 nos
971 1350 1089 1415 attinet
1114 1372 1180 1415 uno
1206 1350 1347 1416 alterove

174 1452 247 1519 loco
274 1455 309 1518 in
339 1477 374 1520 re
404 1456 520 1521 bellica
553 1457 673 1522 sentias
704 1456 820 1523 melius
847 1479 945 1542 quam
976 1456 1128 1537 „flichen‘
1152 1458 1346 1541 respondere

174 1560 361 1640 „fiuchten“,
384 1585 423 1629 eo
445 1586 556 1642 sensu,
581 1586 677 1648 quem
698 1564 798 1629 habet
818 1585 1062 1648 nonnunquam,
1083 1586 1179 1648 quem
1200 1564 1347 1630 Adelun·

174 1669 247 1755 gius
268 1669 321 1734 his
342 1670 448 1735 verbis
470 1671 637 1737 describit:
659 1670 833 1751 ,1111111111
855 1672 949 1737 einen
972 1671 1032 1736 Ort
1052 1693 1108 1735 zur
1125 1671 1346 1757 Vermeidung

175 1776 265 1841 einer
285 1774 405 1841 Gefshr
425 1777 550 1843 schnell
570 1780 637 1844 und
659 1779 799 1866 eilfertig
818 1779 1006 1844 verlassen“.
1043 1770 1172 1861 ἀνδρῶν
1192 1774 1346 1863 τρεσσάν-

168 1905 234 1947 των
260 1879 315 1948 ὅτε
328 1907 365 1950 τε
378 1882 462 1963 Ζεὺς
484 1881 518 1950 ἐν
540 1880 649 1973 φόβον
671 1878 761 1973 ὄρσῃ.
796 1887 841 1952 Ε1
862 1887 902 1952 ad
923 1886 1007 1951 hano
1028 1885 1222 1951 retractandi
1243 1886 1346 1972 signi·

170 1991 357 2057 ficationem
383 1998 416 2057 et
441 1993 523 2059 illud
547 1993 690 2079 pertinet
715 1994 753 2059 de
775 1995 908 2060 Socrate
934 1994 969 2058 in
990 1992 1164 2059 Phaedone
1190 1992 1267 2060 117b
1289 1990 1346 2058 καὶ

169 2092 240 2180 ἅμα
267 2091 368 2183 ὤρεξε
393 2098 452 2189 τήν
477 2096 598 2166 κύλικα
621 2104 670 2187 τῷ
689 2098 869 2186 Σωκράτει.
903 2098 961 2165 καὶ
982 2091 1020 2177 ὃς
1041 2096 1154 2182 λαβὼν
1174 2097 1231 2166 καὶ
1251 2095 1344 2183 μάλα
1362 2112 1394 2163 11

167 2204 275 2284 ἵλεως,
306 2200 403 2272 οὐδὲν
429 2203 547 2293 τρέσας
570 2201 649 2274 οὐδὲ
670 2202 876 2297 διαφθείρας
897 2200 972 2274 οὔτε
996 2210 1056 2273 τοῦ
1075 2204 1249 2293 χρώματος
1270 2201 1346 2275 οὔτε

167 2316 227 2380 τοῦ
254 2308 454 2399 προσώπου,
484 2309 556 2381 ἀλλ’
581 2313 693 2402 ὥσπερ
720 2310 837 2382 εἰώθει
858 2313 1021 2403 ταυρηδὸν
1039 2309 1243 2402 ὑποβλέψας
1260 2314 1346 2400 πρὸς

166 2417 223 2489 τὸν
244 2416 444 2509 ἄνθρωπον,
471 2427 559 2509 quod
579 2426 711 2492 minime
734 2430 782 2491 est
809 2424 905 2506 „nihil
927 2424 1071 2503 timens“,
1094 2424 1150 2488 sed
1171 2422 1343 2505 ,111111111-

167 2535 341 2597 tractans“:
366 2555 498 2618 prorsus
519 2537 557 2598 ut
575 2533 655 2599 Xen.
675 2534 780 2599 Anah.
799 2531 815 2597 I
836 2540 872 2615 9,
893 2539 913 2600 6
940 2530 998 2597 καὶ
1020 2525 1142 2617 ἄρκτον
1162 2528 1246 2597 ποτὲ
1267 2528 1344 2597 ἐπι-

167 2636 356 2727 φερομένην
383 2633 445 2706 οὗκ
470 2634 611 2725 ἔτρεσεν,
639 2634 726 2706 ἀλλὰ
749 2635 927 2722 συμπεσὼν
948 2635 1169 2727 κατεσπάσθη
1192 2632 1344 2707 ἀπὸτοῦ

165 2746 285 2814 ἵππου.
320 2747 358 2814 In
379 2748 546 2814 Plutarchi
562 2749 716 2836 Agesilao
737 2771 764 2815 c.
789 2757 826 2816 11
849 2748 890 2813 de
904 2748 1055 2833 Agesilao
1078 2772 1097 2814 a
1117 2748 1209 2815 basio
1229 2747 1342 2835 Mega·

164 2857 236 2920 boti
263 2856 390 2940 pulchri
415 2857 508 2942 pueri
529 2879 563 2921 11
585 2857 768 2922 abstinente
790 2878 895 2922 sermo
918 2859 968 2921 est
988 2856 1122 2941 eiusque
1144 2856 1343 2922 continentia

162 2963 367 3028 vocabulisa
387 2985 499 3050 pugna
521 2964 676 3030 desumtis
699 2963 900 3030 describitur.
936 2961 986 3028 lbi
1001 2967 1035 3028 11
1047 2962 1127 3028 haec
1142 2966 1233 3030 sunt:
1255 2959 1341 3051 φυγή

161 3073 223 3135 τοῦ
246 3063 452 3159 φιλήματος,
482 3075 515 3136 11
535 3094 624 3138 mox:
652 3070 690 3136 οὐ
718 3064 777 3151 οὐχ
802 3065 951 3147 ὑποστὰς
976 3064 1064 3135 ἀλλὰ
1084 3067 1203 3155 τρέσας
1220 3066 1259 3138 τὸ
1282 3064 1342 3158 φί-

164 3175 256 3264 λημα
274 3180 335 3243 τοῦ
352 3178 458 3243 καλοῦ
477 3176 535 3244 καί
555 3174 736 3268 φοβηθείς·
760 3174 907 3244 1πείκαὶ
924 3181 981 3243 νῦν
1002 3170 1042 3244 ἂν
1064 3171 1167 3245 ἔλθοι
1188 3199 1244 3244 σοι
1264 3200 1341 3242 πει-

162 3282 263 3362 σθεὶς
274 3280 400 3364 ἐκεῖνος
413 3281 506 3362 ἐντὸς
520 3279 724 3376 φιλήματος·
747 3278 819 3350 ἀλλ’
837 3282 931 3363 ὅπως
945 3276 1049 3364 αὖθις
1063 3278 1123 3353 otia
1138 3278 1340 3351 ἀποδειλιά-

161 3415 244 3472 σεις.
283 3387 402 3478 χρόνον
423 3383 481 3459 οὖν
502 3417 578 3459 τινα
599 3391 683 3478 πρὸς
703 3388 810 3481 ἑαυτῷ
830 3389 1006 3480 γενόμενος
1027 3392 1046 3460 ὁ
1064 3387 1264 3481 Ἀγησίλαος
1283 3392 1341 3460 καὶ

162 3496 402 3589 διασιωπήσας
426 3497 575 3580 »οὐδὲνκ
599 3495 664 3592 ἔφη
686 3501 822 3583 ,,δεινὸν
843 3498 980 3569 πείθειν
1000 3495 1089 3585 ὑμᾶς
1110 3498 1248 3568 ἐκεῖνον·
1274 3498 1338 3588 ἔμω

161 3605 223 3696 γάρ
239 3631 303 3692 μοι
318 3611 406 3675 δοκῶ
418 3606 515 3697 τήναν
527 3608 589 3675 τὰν
601 3607 712 3693 μάχαν
724 3610 786 3676 τάν
799 3609 876 3696 περὶ
888 3614 948 3678 τοῦ
969 3603 1161 3699 φιλάματος
1180 3607 1278 3676 ἅδιον
1300 3603 1341 3675 dv

159 3715 337 3798 μάχεσθαι
356 3710 462 3782 πάλιν
484 3710 506 3806 ἢ
525 3713 636 3783 πάντα
658 3715 721 3785 ὅσα
738 3716 908 3802 τεθέαμαι
926 3713 1043 3804 χρυσία
1063 3741 1126 3801 μοι
1146 3714 1340 3802 γενέσθαι.“

244 3826 408 3892 Attendas
437 3848 477 3891 ne
502 3826 556 3892 hie
585 3829 715 3913 quidem
745 3829 778 3893 in
799 3829 899 3895 verbo
920 3823 1036 3911 τρέσαι
1058 3826 1136 3892 satis
1158 3847 1339 3911 expressam

160 3933 296 4000 infinisse
311 3936 480 3999 notionem
494 3934 628 4016 timoris,
649 3959 724 4002 nam
737 3936 817 4002 haec
830 3957 890 4021 per
903 3958 938 4001 se
959 3935 1069 4000 addita
1082 3931 1141 3999 καί
1161 3931 1337 4022 φοβηθείς.

159 4039 197 4107 ln
219 4043 290 4108 acie
312 4040 487 4107 Homerica
508 4047 542 4108 et
560 4044 646 4128 apud
667 4043 782 4109 heroes
804 4042 1015 4109 nullomodo
1037 4065 1094 4128 per
1115 4066 1150 4110 se
1172 4048 1267 4128 turpe
1289 4047 1339 4109 est

156 4146 290 4236 Ιτρέσαι,
322 4171 383 4215 nec
414 4154 465 4215 est
492 4171 552 4217 nec
574 4154 778 4236 exspectatur
805 4172 933 4236 semper
959 4172 1028 4216 1111
1055 4144 1191 4238 σταδίην
1217 4145 1337 4238 μάχηνε

157 4258 195 4325 fit
224 4259 309 4326 illud
334 4253 452 4338 τρέσαι
480 4258 614 4324 abillis
644 4281 740 4345 saepe
766 4258 859 4324 firmo
887 4279 947 4322 nee
967 4257 1093 4343 trepido
1121 4258 1273 4337 consilio,
1305 4264 1338 4325 et

158 4389 223 4450 quo
238 4368 315 4452 quis
335 4367 385 4431 ite
402 4364 556 4432 inclinata
576 4368 644 4432 acie
665 4365 802 4452 pedibus
822 4365 964 4432 velocior
984 4387 1022 4433 1ο
1045 4368 1150 4454 magis
1171 4367 1337 4434 landatur:
