3425 4934
560 326 584 384 2.
609 326 736 400 βάλλειν,
753 343 883 390 curcum,
901 320 959 381 sim
1306 332 1346 394 57
1430 390 1431 395 1

180 496 223 556 Μ
239 499 300 562 458
322 488 355 578 (ἡ
381 492 497 583 διπλῆ)
519 490 570 560 ὅτι
590 498 660 559 πᾶν
679 492 718 560 τὸ
735 492 944 578 βαλλόμενοι
964 490 1065 575 βέλος
1086 489 1188 578 λέγει,
1214 489 1272 557 καὶ
1292 495 1347 557 νῦν

179 599 235 667 τὸν
260 596 362 667 λίθον
388 603 438 683 (ut
458 624 570 668 saxum
596 624 615 666 a
640 601 779 688 Cyclope
804 604 958 669 iactatum
985 625 996 665 ι
1018 607 1094 683 495,
1123 623 1287 666 scamnum
1313 605 1412 672 etttss)

180 749 352 819 opinionem:
370 768 457 821 quare
470 752 544 808 ultro
557 752 682 822 citroque
695 757 848 810 commotus
861 770 919 807 nou
931 768 963 807 eo
975 753 1149 822 pervenerat,
1169 753 1202 805 ut
1213 767 1230 805 a
1242 751 1347 805 coniec-

179 834 258 888 tandi
273 833 392 890 libidine
409 840 469 891 tam
484 836 604 892 liberum
623 837 707 893 fuisse
724 836 915 892 amurcam
932 834 1084 891 certissime
1102 835 1239 899 crederet,
1264 852 1348 903 quam

179 918 232 973 loci
248 918 365 988 quidam
381 920 536 990 gravissimi
553 939 605 977 nec
622 921 676 992 ipsi
692 920 795 976 Wolfio
812 920 903 991 ignoti
924 919 1027 975 etiam
1049 918 1179 974 diserte
1200 922 1348 975 testantur.

180 1003 246 1058 Inde
266 1004 374 1059 factum
391 1007 445 1070 est,
467 1008 545 1061 utet
566 1023 599 1061 eo
617 1005 692 1068 loco,
714 1004 764 1075 qui
785 1023 830 1059 me
853 1005 891 1060 ad
911 1005 965 1059 hoc
988 1002 1185 1060 diverticulum
1208 1003 1349 1063 invitarit.

180 1087 259 1142 unice
277 1105 372 1143 veram
390 1089 544 1145 Aristarchi
560 1089 709 1145 lectionem
730 1091 886 1160 respueret,
911 1092 941 1143 et
961 1087 1057 1142 multis
1078 1088 1140 1142 aliis
1162 1087 1229 1143 locis
1251 1090 1350 1143 contra

180 1190 263 1242 quam
280 1173 404 1229 rationes
427 1174 464 1229 ab
481 1175 542 1245 ipso
559 1173 707 1228 imtitutae
729 1173 837 1228 ferrent
853 1189 872 1227 a
887 1172 988 1227 summi
1006 1172 1181 1242 grammatici
1198 1171 1351 1242 exemplari

179 1256 316 1314 deficmet.
346 1256 523 1325 Quamquam
538 1256 568 1312 id
579 1258 746 1328 exemplum,
764 1274 820 1327 quo
831 1257 880 1313 hic
890 1275 956 1312 mus
967 1274 1043 1312 eram
1059 1257 1090 1310 iu
1107 1255 1230 1312 editione
1249 1256 1349 1326 priore,

179 1346 205 1396 Δ
217 1345 267 1395 cor
283 1342 382 1411 Τρῶες
392 1337 558 1412 ὑπέρθυμοι
568 1340 739 1411 τηλέκλητολ
749 1343 772 1396 τ’
788 1337 951 1412 ἐπίκουροι,
960 1341 1010 1396 ubi
1021 1340 1157 1396 traditum
1169 1332 1352 1412 Ἀρίσταρχος

178 1425 383 1496 πολυηγερέες,
399 1442 457 1480 non
473 1425 648 1496 aptissimum
666 1429 728 1481 crat
745 1428 774 1481 et
790 1425 851 1480 iure
868 1425 1067 1496 reprehensum
1084 1442 1103 1480 a
1114 1425 1249 1490 Belihero,
1268 1424 1348 1478 Hom.

177 1506 327 1564 Blaetterl
344 1529 372 1580 p.
388 1515 445 1565 171.
474 1508 657 1580 Neglexeram
675 1509 750 1565 enim
768 1527 832 1565 eum
850 1527 961 1565 versum
980 1513 1010 1565 et
1027 1509 1140 1580 quidem
1157 1528 1268 1579 prorsus
1286 1527 1351 1563 eun·

178 1593 243 1647 dem
254 1590 340 1647 semel
351 1597 497 1664 praeterea
513 1611 655 1649 recurrere
668 1597 752 1664 Irae,
770 1593 805 1650 de
823 1611 879 1663 quo
894 1593 1102 1650 Adstarcheum
1118 1594 1190 1649 nihil
1206 1595 1351 1654 traditum.

177 1674 355 1746 Quamquam
376 1678 446 1732 mihi
462 1677 576 1748 quidem
598 1677 645 1732 vix
664 1678 780 1732 dubium
798 1681 851 1742 est,
874 1676 942 1733 siA
960 1684 1010 1735 564
1028 1677 1224 1751 πολυηγερέες
1244 1680 1351 1751 inipso

178 1764 259 1816 textu
278 1760 390 1828 habuit,
412 1761 501 1818 altero
518 1762 617 1827 etiam,
641 1763 801 1832 etquidem
818 1762 888 1819 item
905 1779 939 1818 ex
957 1761 1158 1834 exemplarium
1175 1764 1351 1833 quorundam

177 1844 245 1909 fide,
264 1845 400 1900 habuisse.
436 1845 491 1902 Sed
509 1846 584 1901 ultra
601 1846 660 1902 cius
678 1846 865 1903 comtantiam
883 1864 1057 1917 progressam
1074 1864 1132 1901 esse
1150 1864 1207 1902 non
1226 1847 1350 1913 diaeum,

177 1929 225 1982 vix
242 1929 280 1984 ad
297 1946 408 1985 versum
425 1930 461 1985 ab
479 1930 534 1985 illis
550 1931 608 1986 iam
628 1930 744 2001 paulum
760 1930 942 1987 immutatum
959 1933 994 1985 M
1008 1936 1056 1987 108
1075 1926 1136 1987 ἔνθ’
1155 1926 1239 1986 ἄλλοι
1255 1935 1354 2002 Τρῶες

177 2014 350 2084 τηλέκλητολ
367 2016 390 2070 τ’
411 2010 578 2085 dulnosum:
600 2015 662 2082 ubi,
681 2016 787 2086 opinor,
805 2017 829 2071 si
845 2033 903 2071 non
913 2015 1077 2071 inveniebat
1093 2032 1150 2070 nou
1168 2015 1352 2081 desiderabat

177 2098 200 2152 si
216 2098 382 2154 inveniebat
398 2102 432 2155 ut
447 2099 575 2170 pulcrum
592 2116 645 2156 nec
667 2098 702 2156 de
723 2100 809 2156 trivio
826 2104 920 2154 ortum
944 2099 1102 2172 accipiebat
1119 2099 1247 2155 libenter.
1282 2100 1353 2154 Bek-

178 2184 262 2238 kerus
284 2200 408 2239 summae
431 2184 484 2239 sibi
505 2183 536 2239 in
557 2185 612 2240 hoc
633 2201 735 2255 genere
752 2184 925 2240 constantiae
943 2183 1035 2255 legem
1054 2183 1164 2255 scripsit
1181 2201 1249 2247 eam,
1268 2202 1354 2254 quam

179 2271 254 2324 certe
272 2267 390 2323 Wolfius
410 2286 467 2324 uon
489 2268 579 2339 magis
601 2286 686 2339 quam
703 2269 880 2325 Aristarchus
902 2269 1026 2325 tenebat.
1060 2269 1105 2324 Sic
1122 2269 1266 2324 Bekkerus
1287 2269 1354 2339 quia

177 2354 331 2409 attitulat
339 2346 508 2422 ἆγοκλειτολ
519 2349 675 2424 ἐπίκουροι
685 2355 812 2418 audiunt,
824 2353 997 2409 constantiae
1006 2370 1088 2408 causa
1097 2353 1166 2409 item
1176 2355 1355 2424 τηλεκλειτολ

179 2434 335 2507 ἐπίκουροι
351 2437 473 2508 scripsit,
495 2454 552 2492 non
568 2436 692 2494 Wolfius
722 2438 760 2494 Et
779 2438 810 2493 in
827 2438 955 2493 Bekkero
977 2454 1067 2509 paene
1089 2454 1205 2508 quaeras
1227 2455 1276 2493 cur
1297 2455 1354 2493 non

178 2521 248 2576 item
272 2522 300 2576 K
321 2526 372 2577 420
393 2524 583 2578 πολοκλειτολ
604 2522 629 2577 δ’
651 2522 807 2595 ἐπίκουροι
827 2521 981 2593 scripserit,
1004 2523 1053 2578 sed
1074 2515 1263 2593 πολύκλητοι,
1289 2539 1354 2575 uam

179 2604 257 2675 quod
273 2604 305 2661 Il
324 2607 348 2660 Δ
364 2611 415 2662 438
433 2605 468 2661 de
485 2605 518 2661 iis
536 2604 638 2661 dieitur
655 2601 727 2662 ἀλλὰ
742 2606 850 2676 γλῶττ’
870 2606 1024 2676 ἐμέμικτο,
1046 2600 1224 2677 πολύκλητοι
1242 2598 1267 2661 d’
1285 2600 1356 2662 ἔσαν

179 2684 286 2761 ἄνδρες
303 2689 438 2760 (reliquae
456 2707 526 2760 quas
542 2689 731 2746 Buttmannus
748 2689 972 2746 affertlex.195
990 2707 1098 2756 causae,
1115 2693 1148 2745 ut
1164 2706 1262 2745 verum
1280 2689 1355 2744 dica·

179 2792 240 2828 mus
263 2773 368 2839 iutiles.
391 2777 466 2830 certe
488 2791 553 2830 eum
575 2792 633 2829 non
650 2775 821 2845 moverunt),
843 2774 875 2829 id
896 2774 1054 2830 Bekkerum
1078 2774 1192 2844 quidem
1213 2790 1271 2829 non
1293 2778 1356 2829 erat

181 2860 374 2923 curmoveret,
392 2862 443 2914 aut
457 2857 480 2913 si
498 2858 594 2925 morit,
611 2858 668 2913 iam
685 2861 836 2928 quaeretur
854 2876 905 2914 cur
920 2876 978 2914 non
994 2876 1012 2913 a
1029 2861 1222 2928 πολυκλητοις
1238 2852 1356 2914 ἐπικού-

181 2960 245 3011 ροις
265 2942 353 2997 semel
373 2942 496 3013 probatis
514 2946 673 2999 transeatur
693 2943 731 2998 ad
754 2945 955 3013 τηλικλητους.
988 2942 1044 2997 Sed
1065 2959 1083 2997 a
1099 2941 1227 2998 Bekkero
1244 2941 1355 2997 veniam

179 3026 305 3096 petimus
321 3026 344 3080 si
360 3028 537 3083 acndsdmae
559 3028 660 3083 criseos
676 3026 812 3095 rationes,
835 3027 884 3081 ubi
908 3025 1034 3081 nondum
1056 3026 1093 3081 ab
1110 3025 1172 3096 ipso
1189 3026 1355 3091 audivimus,

182 3113 211 3165 et
230 3110 287 3181 ipsi
309 3112 466 3180 quaerimus
488 3100 741 3182 ct'nonnunquam
770 3130 827 3167 non
849 3129 884 3167 ex
906 3114 1001 3167 mente
1023 3110 1081 3165 eius
1103 3110 1283 3181 assequimur.
1317 3111 1356 3166 Ut

181 3197 384 3265 πολυκλητους
404 3194 579 3268 ἐπικούρους
595 3196 643 3251 illc
660 3196 734 3262 loco,
757 3196 797 3251 sic
813 3195 930 3266 reliquit
951 3195 1036 3252 semel
1056 3196 1142 3250 Pecs
1161 3197 1262 3266 νεκροὶ
1280 3195 1357 3263 ὁμοῦ

186 3268 298 3350 Τριῦον
314 3283 365 3335 κοιλ
380 3274 570 3351 ὑπερμενέων
586 3276 763 3352 ἐπικούρων,
781 3283 812 3335 et
828 3281 853 3334 P
867 3285 917 3336 220
935 3279 1059 3337 κέκλυτε
1075 3277 1166 3351 μυρία
1183 3281 1261 3349 φῦλα
1276 3296 1356 3350 περι-

181 3356 502 3435 memoriamque,
518 3362 569 3420 ubi
585 3364 643 3420 illic
654 3366 846 3436 ἀγακλειτῶν,
861 3364 908 3419 hic
925 3366 1127 3435 περικλειτῶν,
1146 3366 1357 3428 πολοκλειτῶν,

181 3450 373 3519 πολυκλητοι
390 3447 568 3504 ridenturad
585 3466 701 3504 manum
718 3466 785 3505 esse.
813 3447 869 3504 Sed
886 3448 967 3503 nobis
984 3449 1021 3502 ad
1032 3447 1164 3504 Wolfium
1184 3447 1356 3504 redeundum
1369 3486 1422 3557 (⁶3)

181 3535 230 3586 est
257 3530 374 3587 Etenim
389 3531 413 3585 ai
430 3534 515 3588 etiam
532 3533 607 3589 ultra
623 3532 819 3605 progredimur
835 3533 874 3588 ad
886 3532 1084 3601 quaerendum,
1102 3550 1152 3588 cur
1168 3550 1225 3588 nou
1243 3533 1278 3588 de
1295 3536 1357 3587 arte
1374 3577 1406 3626 57

182 3614 281 3671 critica
301 3619 429 3673 veterum
451 3622 481 3673 ct
502 3618 537 3673 de
557 3618 620 3689 ipsc
642 3617 805 3674 Arimarcho
826 3616 930 3672 rectius
952 3616 1120 3674 iudicaverit
1141 3616 1269 3677 Wolfius.
1294 3634 1356 3673 eam

182 3698 341 3756 invenimus
362 3719 474 3757 caumm
495 3702 682 3773 potissimam,
704 3702 781 3772 quod
803 3718 877 3771 quae
899 3700 1068 3757 scholiorum
1085 3702 1256 3758 Venetomm
1279 3701 1357 3771 origo

184 3787 212 3838 et
228 3789 373 3841 structura
395 3786 433 3841 sit
448 3803 548 3857 param
565 3786 749 3844 intellexerat
783 3786 829 3841 Sic
847 3802 920 3856 quae
937 3785 993 3840 huc
1010 3786 1183 3856 pertinentia
1199 3786 1309 3857 scripsit
1329 3804 1357 3856 p.

182 3867 316 3925 CCXLIV
327 3873 386 3925 not
403 3887 438 3926 ea
455 3874 484 3926 et
501 3889 601 3927 manca
617 3874 684 3926 sunt
701 3874 731 3927 et
747 3871 817 3925 falsa
833 3870 962 3942 plurima,
980 3888 1150 3941 quamquam
1168 3870 1229 3925 aliis
1247 3871 1358 3939 quibua-

184 3952 248 4007 dam
265 3954 333 4010 locis
350 3955 440 4011 multo
457 3955 572 4027 propius
588 3955 625 4011 ad
642 3954 683 4010 rei
700 3954 849 4011 verinum
868 3955 992 4012 accessit
1028 3955 1141 4010 Scilicet
1157 3953 1187 4008 in
1203 3954 1257 4009 hoc
1274 3972 1358 4025 saepe

183 4037 303 4093 hominis
323 4038 428 4095 subtile
448 4039 594 4111 ingenium
614 4038 768 4095 admiratus
791 4057 866 4103 sum,
892 4039 969 4108 quod
993 4056 1027 4095 ex
1049 4039 1172 4110 repetita
1192 4040 1360 4095 scholiorum

184 4119 303 4178 lectione
324 4124 461 4195 pleraque
485 4128 561 4182 recte
583 4124 716 4180 odoratus
742 4126 796 4188 est,
827 4140 900 4193 quae
923 4124 1038 4193 quidem
1064 4124 1211 4179 etiamtum
1233 4124 1358 4186 nescivit

185 4208 294 4262 etiamsi
319 4207 385 4263 sciri
409 4206 484 4265 licet
523 4209 578 4265 Sed
600 4209 654 4265 hoc
676 4208 893 4264 condonandum
913 4208 955 4262 illi
976 4209 1006 4263 iu
1029 4224 1131 4278 magno
1153 4208 1359 4279 multiphcique

184 4304 267 4359 opere
289 4295 428 4362 occupato
449 4296 479 4348 et
499 4294 622 4364 primum
643 4293 694 4348 hos
718 4291 929 4348 scholiastarum
952 4294 1096 4348 thesauros
1118 4291 1254 4348 immensa
1275 4310 1360 4363 opera

185 4376 346 4434 excutienti
369 4408 403 4419 -
424 4377 456 4432 In
475 4394 510 4433 eo
527 4379 616 4449 igitur
633 4377 709 4447 quod
731 4376 814 4446 longe
832 4375 958 4448 pluribus
975 4394 1061 4447 quam
1079 4377 1198 4433 decebat
1213 4376 1282 4432 locis
1299 4377 1359 4431 Ari·
