3425 4934
197 602 225 646 v.
247 579 414 648 Hercules.

668 735 899 758 ..-...7..-...

704 865 863 933 Heotor.

279 1023 315 1083 X
328 1021 388 1085 351
405 1008 478 1081 οὐδ’
499 1008 535 1082 εἴ
550 1009 607 1081 κέν
626 1008 656 1080 u’
680 1007 778 1083 αὐτὸν
797 1018 907 1103 χρυσῷ
927 1010 1115 1106 ἀρύσασθαι
1137 1012 1263 1105 ἀνώγοι
1276 1024 1368 1107 Δορ-

198 1119 334 1211 rasione
346 1117 518 1208 Πρίαμοςε
542 1118 574 1210 (ἡ
592 1121 712 1210 διπλῆ)
726 1119 780 1189 ὅτι
793 1117 1025 1209 ὑπερβολικῶς
1038 1122 1144 1211 λέγει·
1159 1122 1178 1194 ὁ
1193 1124 1231 1193 δὲ
1242 1122 1369 1210 Αἰσχύ-

199 1231 258 1309 λος
279 1224 330 1297 ἐπ’
353 1224 519 1318 ἀληθείας
539 1223 785 1314 ἀνθιστάμενον
805 1225 1053 1318 (ἀντίσταθμον
1075 1234 1111 1301 Ο.
1131 1234 1227 1305 Jahn.
1248 1236 1366 1306 Philol.

196 1338 332 1407 XXVIII
346 1362 377 1425 p.
392 1339 429 1423 6>
441 1335 562 1423 χρυσὸν
576 1333 742 1425 πεποίηκε
755 1336 838 1420 πρὸς
851 1337 891 1404 τὸ
898 1336 1055 1426 Ἕκτορος
1068 1343 1165 1425 σῶμα
1183 1338 1218 1409 ἐν
1235 1340 1366 1428 Φρυξίν.

701 1623 860 1691 Hecuba
1385 1640 1431 1692 185

195 1774 365 1859 Dymantis
387 1773 461 1855 filis,
482 1775 658 1842 seeundum
678 1775 867 1860 Euripidem
889 1775 999 1843 Cissei.
1021 1779 1059 1840 Π
1078 1783 1147 1845 718.

701 2107 860 2176 Helena.

278 2259 309 2324 Α
329 2256 456 2325 Theseo
478 2263 604 2345 reptem
625 2259 724 2326 fuisse
751 2264 926 2345 antequem
946 2259 1095 2326 Menelao
1117 2262 1255 2327 nuberet
1274 2263 1367 2346 igno·

195 2368 267 2431 tum
288 2364 440 2434 Homero.
476 2369 513 2432 H
534 2372 604 2435 392.
640 2371 676 2430 N
694 2373 763 2435 626.
799 2366 863 2452 (cf.
883 2367 993 2454 popul.
1016 2367 1189 2434 Aufstitne²
1210 2392 1241 2453 p.
1261 2370 1306 2456 9.)

667 2539 899 2548 *ἡ-

658 2698 907 2785 Hephaestus
1379 2714 1449 2784 (186)

195 2850 281 2918 lovis
303 2854 336 2917 et
354 2848 489 2917 Iunonis
510 2851 605 2933 filius,
625 2873 701 2931 non,
721 2855 759 2917 ut
780 2850 867 2937 apud
884 2850 1072 2930 Hesiodum,
1094 2873 1133 2917 ex
1154 2850 1224 2918 sols
1243 2850 1367 2919 lunone

196 2962 300 3024 natus
335 2953 454 3028 5338.
489 2958 570 3026 Ilius
595 2959 724 3026 officina
744 2960 779 3025 iu
801 2958 940 3044 Olympo
963 2961 1020 3024 est.
1053 2959 1083 3020 Σ
1102 2962 1162 3026 369
1182 2958 1247 3041 (V.)
1268 2959 1368 3024 Arma

196 3066 293 3133 obeo
314 3067 460 3133 ooufeotu
479 3066 553 3134 telis
573 3066 662 3134 houd
681 3066 799 3153 pervio
834 3065 930 3145 Quod
947 3070 1047 3153 suget
1060 3066 1275 3152 suspicionem
1295 3089 1367 3132 ver-

196 3195 291 3239 suum
316 3176 345 3237 Y
363 3179 535 3243 uos-272.
572 3174 613 3241 V.
635 3175 668 3240 h.
689 3174 711 3239 l.
733 3178 767 3241 et
793 3177 824 3237 Φ
846 3180 914 3242 166.

667 3346 899 3356 --.--——

680 3506 877 3574 Hercules.

280 3655 355 3725 Non
369 3658 560 3726 immortalis
571 3660 601 3722 Σ
612 3666 678 3726 117.
692 3695 734 3709 -
746 3656 824 3725 Non
841 3659 967 3744 occepit
980 3657 1096 3723 Heben
1111 3677 1252 3722 uxorem.
1274 3655 1367 3723 Hebe

198 3765 285 3833 enim
305 3788 368 3834 seo.
386 3767 565 3835 Homerum
585 3767 676 3853 virgo
697 3766 843 3851 innupte
895 3765 991 3832 Putet
1015 3766 1080 3830 iem
1100 3764 1175 3830 inde
1198 3764 1286 3849 quod
1307 3764 1367 3830 diis

196 3874 308 3939 vinum
328 3874 506 3957 ministret,
526 3875 605 3941 item
626 3873 764 3940 Martem
784 3873 887 3955 levet,
915 3874 1003 3960 quod
1023 3878 1196 3958 utrumque
1218 3894 1257 3938 ex
1278 3894 1367 3939 more

196 3984 333 4050 heroum
353 3982 515 4070 virginum
537 3986 595 4049 est.
633 3985 666 4046 A
687 3987 716 4049 2.
750 3983 868 4051 13905.
905 3989 1016 4064 7464.
1037 4019 1079 4029 -
1099 3981 1203 4047 Locus
1224 3977 1367 4047 Neouiee

197 4094 284 4175 (602)
314 4091 441 4178 spurius
466 4090 511 4175 (ll
534 4089 567 4156 ll.
590 4085 609 4152 l
631 4093 714 4172 601).
752 4112 781 4156 v.
803 4087 935 4157 Neleus.
965 4126 1003 4136 —
1029 4089 1080 4155 Ex
1108 4089 1177 4155 eins
1202 4088 1367 4155 laboribus

196 4199 303 4268 solum
328 4199 557 4265 nominatim
584 4197 661 4266 dicit
686 4218 798 4264 eonem
820 4219 858 4262 ex
884 4197 995 4264 inferis
1017 4200 1222 4282 apportatum
1247 4196 1276 4260 Θ
1297 4199 1367 4263 368.
