3425 4934
380 311 442 375 280
601 276 603 285 Ι
834 305 882 360 IV.
905 305 947 359 De
963 302 1100 375 prosodia

382 493 475 537 aures
496 472 671 557 praebebo,
698 473 726 539 si
745 497 797 540 me
820 473 976 540 edoceant
996 496 1038 539 an
1059 495 1094 538 re
1115 494 1190 538 vera
1211 471 1374 557 scripserit
1394 471 1550 538 Herodia-

381 603 443 645 nus
465 580 553 665 quod
570 579 709 667 legimus
730 583 771 647 ad
792 581 878 647 huuc
899 604 1026 648 versum
1040 580 1149 647 Iliadis
1171 575 1228 644 καὶ
1248 571 1275 665 ῥ’
1298 573 1398 661 ἔβαλε
1413 577 1550 643 Κλεῖτον

380 682 589 775 Πεισήνορος
610 681 737 773 ἀγλαόν
758 681 830 755 οἶόν
856 691 979 758 0445;
1008 679 1150 766 litarde
1170 680 1278 769 όυομο
1299 678 1428 769 κόριον·
1457 679 1551 766 όξου-

380 791 456 861 τέου
478 792 515 860 δὲ
535 790 662 878 ὁμοίως
682 799 729 881 τῷ
751 792 917 882 ἐπιθέτῳ,
941 793 1061 883 ἐπειδὴ
1083 790 1209 877 κόσμου
1230 790 1298 860 doti
1320 791 1359 861 τό
1383 789 1551 862 ἐπίθετον.

382 903 458 970 cod.
479 903 566 970 Leid.
594 904 657 970 boc
683 904 814 972 exhibet
839 904 1000 971 scholion:
1036 895 1230 991 ἀμφίβολόν
1257 899 1328 968 ἐστι
1348 899 1486 984 πότεροι
1510 898 1551 965 τὸ

382 1003 513 1076 κλειτόυ
538 1007 625 1075 ἐστιν
653 1003 761 1095 όκομο
786 1005 811 1098 ἢ
831 1010 869 1078 τὸ
893 1005 1029 1097 ἀγλαόν.
1073 1006 1131 1076 καί
1155 1033 1243 1089 τινες
1267 1007 1328 1093 μὲν
1348 1007 1387 1076 τὸ
1409 1000 1552 1074 Κλεισόυ

383 1139 483 1206 φασι,
509 1115 715 1203 παράλογον·
742 1118 883 1190 Κλεῖτον
909 1117 972 1204 γὰρ
993 1113 1064 1185 ἔδει
1084 1109 1171 1183 εἶναι
1191 1116 1276 1204 πρὸς
1296 1112 1553 1203 ἇντιδιαοιολὴκ

382 1229 442 1291 τοῦ
456 1218 597 1304 κλοιιόν,
620 1216 641 1291 ό
661 1223 816 1313 σημαίνει
835 1225 894 1294 τόν
913 1222 1061 1307 ἔνδοξον·
1083 1218 1221 1309 όμεικου
1244 1216 1300 1292 οὖν
1320 1222 1358 1291 τὸ
1379 1222 1440 1308 μὲν
1461 1224 1553 1291 κλει-

382 1333 438 1402 τόυ
453 1327 526 1399 ἀντὶ
538 1337 600 1399 τοῦ
613 1328 759 1415 ἔνδοξον,
775 1333 812 1401 τὸ
826 1332 864 1401 δὲ
875 1329 1019 1418 Ἀμλοιόκ
1034 1327 1108 1400 ἀντὶ
1121 1329 1235 1420 κυρίου
1250 1327 1414 1416 ὀνόματος
1427 1330 1553 1414 ἐκλαμ-

382 1437 506 1526 βάνειν.
542 1442 624 1509 Mihi
643 1443 736 1527 illud,
758 1445 845 1530 quod
863 1443 965 1510 codex
985 1443 1131 1509 Venetus
1151 1443 1258 1526 habet
1278 1442 1434 1527 longioris
1455 1447 1553 1509 notae

383 1550 524 1617 lacerum
548 1551 766 1637 fragmentum
791 1552 925 1618 videtur.
966 1551 1211 1636 Disceptaverat
1231 1554 1401 1634 utrumque
1422 1554 1553 1616 senten-

317 1668 367 1723 284
384 1660 464 1723 tiam
484 1658 688 1724 Herodianus
715 1662 812 1744 atque
837 1659 873 1724 in
898 1658 960 1724 hac
989 1658 1207 1742 disputatione
1227 1658 1319 1724 locus
1339 1662 1409 1723 erat
1429 1680 1494 1742 quo
1514 1658 1553 1723 de

382 1766 514 1852 proprio
532 1756 675 1849 Ἀγλαός
689 1768 768 1849 (non
784 1768 822 1832 de
837 1764 991 1849 Κλειιος)
1016 1766 1139 1831 dixerat
1160 1757 1337 1845 ,,όξυυτέοκ
1361 1756 1488 1847 ὁμοίως
1507 1767 1555 1848 τῷ

383 1860 552 1959 ἐπιθέτῳ,
578 1867 696 1958 ἐπειδὴ
720 1866 847 1956 κόσμου
874 1868 942 1939 ἐστὶ
967 1870 1006 1937 τὸ
1028 1867 1230 1952 ἐπίθετονίί,
1260 1896 1324 1957 quo
1346 1872 1425 1937 mibi
1446 1873 1554 1956 ipsum

383 1974 509 2062 κόσμου
532 1981 646 2047 ducere
667 1981 806 2061 ridetur,
833 1981 921 2066 quod
942 1981 981 2047 de
1002 1972 1129 2064 ἀγλαός
1154 1982 1319 2067 aptissime
1345 1980 1466 2045 dictum
1492 1983 1554 2056 est;

384 2089 423 2154 de
446 2085 574 2165 κλειτός
599 2088 734 2154 fortasse
761 2089 871 2174 potius
897 2088 1029 2153 dixisset
1056 2082 1155 2175 δόξης
1176 2085 1245 2154 ἐστὶ
1264 2085 1302 2153 ιδ
1325 2082 1485 2153 ἐπίθετον
1503 2087 1556 2152 vel

384 2195 539 2262 similiter.
575 2195 664 2262 Eust.
682 2195 714 2259 h.
729 2195 750 2262 l.
765 2196 848 2260 nihil
868 2219 964 2281 quam
982 2196 1058 2262 hoc:
1081 2194 1221 2274 Κλεῖτος
1242 2191 1279 2261 δὲ
1299 2185 1342 2281 ἦν
1364 2188 1381 2261 ό
1403 2196 1557 2271 τοιοῦτος

384 2295 653 2384 όικιτουοόμινος
671 2304 719 2387 τῷ
741 2300 861 2390 κλειτῷ
882 2296 961 2390 ἤτοι
982 2298 1107 2390 ἐνδόξῳ
1119 2306 1172 2369 ¹⁹⁷.

302 2424 373 2495 (295)
467 2409 544 2476 Non
572 2414 696 2476 mutare
721 2411 871 2478 ridentur
896 2415 1063 2477 accentum
1085 2412 1242 2478 adiectiva
1262 2414 1297 2478 in
1319 2413 1392 2488 υῖος
1413 2412 1556 2496 exceptis

383 2518 493 2602 paucis
516 2541 535 2582 a
555 2518 699 2586 Deorum
720 2521 905 2587 nominibus
928 2520 1041 2585 ductis.
1074 2519 1164 2605 Ergo
1186 2522 1214 2582 B
1233 2526 1293 2588 842
1310 2516 1477 2595 Πόλοιοςι
1497 2522 1557 2583 τοῦ

382 2620 537 2702 notator
562 2621 623 2711 τὴν
644 2620 777 2712 ιιριόιηυ
798 2619 1011 2713 όξυιουηιὲοκ
1037 2623 1124 2711 πρὸς
1144 2617 1398 2712 ἆυιιδιαοιολὴυ
1418 2627 1479 2691 τοῦ
1497 2648 1556 2690 το-

383 2736 487 2799 aaron
513 2738 664 2820 putamus
692 2739 832 2802 erratum
859 2757 928 2801 esse
958 2736 999 2801 ab
1021 2735 1223 2814 Herodiano,
1256 2735 1392 2800 fortasse
1419 2735 1484 2799 iam
1512 2735 1555 2800 ab

383 2841 578 2909 Aristarcho.
614 2842 654 2906 V.
677 2842 768 2922 infra,
790 2842 845 2908 ubi
868 2842 907 2908 de
929 2835 1087 2929 Πήδαιος
1109 2843 1250 2908 dicemus
1263 2844 1314 2907 ¹⁰⁸.

451 3028 488 3069 1⁰⁷
503 3024 533 3079 Si
549 3021 647 3096 ἄκρως
664 3025 801 3094 Byzantia
818 3024 958 3096 attingere
976 3026 1050 3091 licet,
1068 3027 1098 3081 in
1117 3029 1241 3081 mentem
1258 3026 1336 3082 venit
1352 3026 1452 3097 Βαρός
1468 3028 1556 3083 medi·

384 3128 431 3167 cus
449 3109 596 3166 Cantacuz.
614 3109 644 3163 T.
665 3108 677 3163 I
694 3128 722 3179 p.
741 3114 798 3175 403,
818 3115 856 3166 13.
876 3116 916 3166 22.
934 3115 993 3175 405,
1011 3116 1036 3166 6.
1067 3101 1179 3166 τοιαῦτ’
1196 3103 1310 3166 εἰπόντι
1327 3113 1424 3181 Βαρεῖ
1437 3117 1494 3177 405,
1514 3118 1556 3168 13.

382 3194 421 3250 Et
437 3198 535 3250 contra
552 3192 670 3263 Niceph.
691 3192 804 3263 Gregor.
824 3198 886 3259 293,
905 3201 920 3250 5
943 3187 1004 3265 εἶχε
1028 3195 1054 3250 δ’
1078 3193 1176 3264 ἐκείνη
1196 3196 1394 3266 deponentia
1410 3194 1559 3265 Καδαρὰυ

383 3278 568 3349 κεκλημένον.
596 3270 688 3349 surim
708 3278 805 3349 λάθρᾳ
826 3280 923 3348 μιγεὶς
945 3277 961 3335 ό
980 3272 1123 3349 δεσπότης
1145 3271 1245 3335 ἔτεκεν
1261 3272 1337 3341 υἱόν,
1364 3269 1399 3336 όν
1413 3280 1463 3335 καὶ
1480 3274 1558 3335 olsei-

382 3379 460 3432 μασε
477 3363 593 3432 Μιχαὴλ
610 3354 779 3431 Kardamis.
809 3362 952 3433 Καθαρᾶς
970 3368 1028 3427 293,
1047 3367 1086 3418 10.

449 3450 488 3490 1⁹⁸
505 3444 690 3521 Tyrannionis
702 3445 842 3516 quendum
860 3447 890 3501 in
907 3447 961 3503 hac
978 3466 1009 3503 rc
1026 3465 1147 3504 errorem
1164 3449 1269 3504 adeant
1285 3448 1340 3520 ipsi
1357 3448 1406 3519 qui
1422 3449 1492 3503 haee
1510 3466 1556 3504 cu-

382 3528 448 3587 rant
468 3535 546 3586 Yrr.
569 3561 603 3571 -
624 3527 754 3586 Ceterum
778 3530 950 3602 perspicient
969 3530 1160 3602 intelligentes
1183 3532 1252 3603 qnid
1274 3532 1420 3603 egerimus.
1452 3532 1485 3587 In
1501 3533 1556 3587 sin·

382 3617 454 3687 gulis
480 3615 615 3671 librorum
642 3617 760 3686 peccata
786 3614 886 3670 afferre
908 3615 979 3671 nihil
1000 3619 1113 3688 poterat
1133 3617 1241 3673 fructus
1262 3618 1366 3673 hebere
1388 3617 1437 3673 sed
1458 3617 1556 3673 taedii

382 3701 423 3756 Ne
440 3693 556 3771 Γόργος
573 3699 687 3770 quidem
706 3699 810 3769 ubique
827 3702 904 3754 recte
921 3700 1059 3757 scribitur.
1094 3702 1153 3758 Nec
1170 3701 1389 3771 conquisivimus
1405 3701 1436 3758 in
1452 3701 1556 3771 quibus

381 3784 560 3841 Eustathium
576 3783 764 3840 intelleximus
775 3783 840 3846 sola
856 3783 1007 3855 Philoponi
1024 3786 1193 3842 anctoritate
1210 3785 1276 3851 niti3
1294 3785 1360 3841 huic
1378 3786 1453 3842 enim
1470 3786 1555 3842 fidem

382 3871 516 3926 habemus
537 3869 650 3924 nullam.
684 3868 741 3925 Nec
762 3869 909 3925 attulimus
932 3887 1004 3940 quac
1026 3873 1123 3940 aperte
1145 3869 1216 3925 falso
1240 3870 1365 3926 iudicata
1383 3888 1556 3941 quamquam

383 3955 418 4009 de
436 3957 555 4009 accentu
573 3952 724 4017 credimus;
748 3954 781 4007 nt
802 3972 865 4009 cnm
883 3954 983 4011 volunt
1000 3954 1089 4009 Ulixis
1111 3954 1217 4011 socium
1231 3957 1324 4020 Βοῖος
1340 3955 1448 4011 dictum
1464 3959 1497 4011 ut
1513 3957 1555 4011 di-

382 4039 540 4109 stinguatur
551 4054 569 4093 a
578 4033 675 4110 βαιόςς
692 4039 741 4094 sed
752 4039 775 4093 is
789 4040 831 4093 est
842 4055 860 4092 a
871 4037 954 4093 Baiis.
984 4039 1044 4096 Nec
1056 4056 1129 4110 qnae
1140 4039 1259 4095 nimium
1276 4039 1384 4097 incerta
1401 4044 1435 4096 ut
1451 4056 1556 4096 nomen

381 4121 592 4178 Macedonicum
609 4124 732 4189 Κοῖνος,
758 4123 834 4194 quod
856 4140 894 4177 an
916 4123 952 4178 sit
972 4118 1073 4190 κοινός
1094 4128 1183 4189 recte,
1205 4124 1236 4180 ni
1252 4125 1346 4191 fallor,
1364 4124 1506 4191 dubitavi,
1526 4130 1555 4181 ct

380 4201 480 4271 Κάκος
510 4207 617 4277 (Cacus)
638 4225 676 4263 an
697 4209 734 4263 sit
757 4202 855 4273 κακός.
896 4208 959 4263 Nee
980 4207 1029 4263 ubi
1055 4207 1133 4263 nulla
1154 4209 1279 4265 innotuit
1300 4210 1370 4264 mihi
1391 4210 1446 4265 fide
1468 4210 1555 4281 digna

381 4290 558 4361 grammatici
580 4292 737 4350 observatio
765 4310 816 4348 nec
845 4293 967 4349 occurrit
987 4291 1192 4349 simillimorum
1222 4295 1392 4366 exemplum,
1418 4294 1497 4350 libris
1521 4299 1555 4351 ut

381 4374 472 4433 solent
493 4375 708 4447 fluctuantibus,
731 4377 832 4449 quibus
853 4381 888 4435 ut
907 4377 974 4435 satis
997 4377 1247 4436 demonstravimus
1269 4396 1305 4435 nc
1330 4379 1555 4452 conspirantibus
