3425 4934
560 351 583 402 2.
609 338 734 419 βάλλειν,
752 337 882 410 octricus,
899 345 960 401 sim.
1305 351 1345 414 63

178 515 298 581 tuatio:
332 515 419 599 qnod
443 515 478 579 in
503 514 646 580 Homero
672 514 817 580 nondum
842 515 920 579 satis
948 515 1097 579 cavimus.
1142 516 1180 576 Π
1198 518 1259 581 358
1285 513 1345 578 hos

178 645 287 688 versus
307 621 461 707 legimus:

299 722 394 807 Αἴας
416 721 447 792 δ’
471 723 488 794 ὃ
517 724 621 812 μέγας
642 721 714 793 αίέν
735 721 788 815 ἐφ’
803 727 936 811 Ἕκτορι
955 727 1202 817 χαλκοκορυστῇ

299 829 357 901 ἵετ’
381 828 588 902 ἀκοντίσσαι·
611 830 631 902 ὁ
653 833 690 901 δέ
711 830 817 924 ἰδρείῃ
838 832 1016 919 πολέμοιο,

299 936 422 1009 ἀσπίδι
440 939 574 1031 ταυρείῃ
596 939 843 1026 κεκαλυμμένος
864 936 980 1027 εὐρέας
1000 937 1120 1026 ἀίμσυς,

298 1045 446 1118 σκέπτετ’
470 1045 591 1117 ὀϊστῶν
610 1075 646 1117 τε
666 1049 777 1139 ῥοῖζον
798 1048 857 1117 καί
877 1049 1006 1117 δοῦπον
1028 1044 1183 1117 ἀκόντων.

180 1159 266 1238 Quos
287 1161 334 1225 ita
354 1161 451 1225 vertit
471 1160 621 1226 Vossius:

258 1269 336 1333 Aias
363 1268 420 1332 der
444 1274 591 1352 grdssere
622 1267 742 1332 strebte
768 1267 829 1332 den
861 1267 1196 1332 erzumschimmerten
1222 1267 1348 1332 Helrtor

262 1375 351 1442 Stets
372 1376 433 1440 mit
454 1375 526 1440 dem
548 1373 648 1460 Speer
668 1395 708 1439 zu
729 1375 894 1441 erreiehen
917 1413 966 1437 —.

179 1482 271 1561 Quod
293 1484 474 1568 speciosum
493 1483 549 1548 sed
571 1482 687 1546 falsum
710 1485 768 1548 est.
804 1481 936 1548 Etenim
959 1474 1143 1561 ἀκοντίζειν
1160 1482 1281 1566 ubique
1304 1483 1347 1547 si-

178 1589 310 1675 gnificat
330 1589 416 1673 apud
437 1589 615 1655 Homerum
637 1594 790 1674 „peteret
830 1590 921 1676 Ergo
947 1591 1001 1655 hic
1021 1591 1131 1676 potius
1150 1590 1215 1655 loci
1235 1612 1348 1655 sensus

178 1700 241 1762 est:
271 1696 402 1777 „immet
427 1719 494 1761 war
523 1698 593 1762 sein
614 1696 696 1763 Sinn
723 1697 839 1764 darauf
861 1697 1021 1783 gerichtet
1051 1698 1135 1763 nach
1156 1698 1283 1763 Helrtor
1309 1721 1348 1762 zu

179 1803 324 1871 werlen“.
357 1804 408 1869 De
428 1804 501 1869 loco
522 1804 684 1889 specioso,
706 1805 762 1889 qui
783 1808 833 1871 est
854 1808 891 1867 H
911 1811 973 1872 242
994 1807 1022 1870 si
1043 1806 1231 1872 intellexero
1255 1805 1348 1870 dubi-

179 1911 318 1976 tationes
336 1933 414 1990 esse,
434 1912 469 1976 in
488 1916 654 1997 posterum
676 1912 842 1998 explicabo
865 1913 1051 1979 accuratius.

258 2018 360 2084 Locos
383 2042 446 2098 eos,
468 2019 524 2085 ubi
546 2020 745 2085 accusativus
767 2021 865 2085 verbo
880 2043 946 2086 non
967 2020 1104 2099 additus,
1124 2022 1260 2086 fortasse
1281 2042 1347 2085 non

180 2147 291 2191 omnes
311 2128 398 2191 recte
419 2128 543 2212 accepit
563 2127 777 2194 Aristarchus.
815 2131 846 2190 Γ
865 2134 905 2195 76
925 2128 961 2192 hi
982 2150 1092 2194 versus
1114 2133 1203 2193 sunt:

261 2224 307 2309 δίς
326 2225 447 2319 ἔφαθ’*
461 2229 587 2316 Ἕκτωρ
611 2227 643 2298 δ’
667 2224 735 2299 αὖτ’
761 2229 859 2321 ἐχάρη
880 2231 967 2318 μέγα
987 2237 1101 2316 μῦθον
1122 2228 1279 2313 ἀκούσας,

260 2334 319 2404 καί
337 2333 369 2421 ῥ’
394 2335 428 2417 ἐς
445 2335 570 2422 μέσσον
591 2334 651 2406 lala
675 2338 796 2426 Τρώων
817 2335 951 2426 ἀνέεργε
972 2335 1157 2429 φάλαγγας,

257 2444 380 2528 μέσσου
404 2444 524 2530 δουρὸς
544 2442 642 2513 ἑλών·
663 2446 716 2514 τοί
738 2442 770 2513 δ>
794 2442 999 2535 ἱδρύνθησαν
1021 2446 1173 2529 ἅπαντες.

254 2557 302 2638 τῷ
323 2547 356 2619 δ’
380 2550 614 2634 ἐπετοξάζοντο
636 2550 908 2642 καρηκομόωντες
925 2549 1058 2636 Ἀχαιοί

259 2655 359 2727 ίοῖσίν
378 2683 415 2725 τε
434 2657 665 2745 τιτυσκόμενοι
686 2658 805 2729 λάεσσί
823 2656 850 2728 τ’
873 2658 1025 2745 ἔβαλλον.

179 2769 239 2836 Hic
264 2770 478 2836 Aristonicus:
515 2764 547 2858 (ἡ
575 2769 695 2857 διπλῆ)
723 2766 776 2837 ὅτι
794 2767 943 2858 ’Όμηρος
971 2768 1010 2836 τὸ
1040 2766 1178 2853 βάλλειν
1207 2769 1264 2837 ἐπὶ
1287 2775 1349 2838 τοῦ

177 2872 367 2959 τιτρώσκειν
386 2871 516 2962 τίθησι·
538 2880 595 2943 νῦν
616 2875 653 2944 δέ
673 2873 821 2967 ἔμφασιν
841 2872 917 2959 ἔχει.
953 2879 1025 2945 Ηοσ
1039 2880 1248 2964 interpretor:
1269 2880 1348 2958 „hoc

177 3007 251 3050 vero
276 2984 349 3050 loco
375 2987 516 3069 speciem
536 2987 647 3066 habet,
672 2988 726 3052 hic
751 2986 842 3052 locus
871 2987 1034 3071 speciosus
1063 2991 1129 3052 est‘
1159 2991 1196 3053 ut
1220 2990 1251 3050 B
1277 2992 1347 3055 899.

177 3095 207 3153 Ζ
227 3098 295 3160 169.
322 3094 353 3154 Β
374 3097 436 3161 299
458 3096 491 3159 et
511 3093 597 3159 verb.
620 3088 795 3179 ἐμφαίνειν
820 3095 850 3157 Ε
870 3099 940 3162 875.
981 3093 1136 3160 Dolemus
1161 3096 1214 3161 hic
1234 3117 1349 3160 manca

177 3220 244 3264 esse
266 3198 399 3264 scholia.
437 3199 572 3265 Censuit
592 3200 727 3266 fortasse
742 3200 948 3267 Aristarchus
968 3201 1054 3267 hunc
1075 3201 1184 3268 locum
1205 3203 1251 3269 sic
1273 3225 1347 3268 con·

175 3306 363 3371 struendum
378 3328 447 3372 esse
468 3310 516 3390 τῷ
537 3299 570 3370 δ’
594 3301 831 3387 ἐπετοξάζοντο
852 3302 996 3390 ἔβαλλόν
1017 3330 1053 3373 τε
1074 3302 1158 3374 ίοῖσι
1178 3305 1295 3375 λάεσσί
1313 3332 1349 3374 τε

174 3407 419 3494 τιτυσκόμενοι,
451 3437 516 3498 quo
537 3412 665 3480 facilius
692 3415 734 3480 ad
759 3416 974 3500 supplendum
1003 3418 1219 3483 accusativum
1246 3410 1347 3482 αὐτόν
1359 3426 1414 3495 (¹15)

176 3521 359 3588 ducebatur.
404 3519 475 3586 Nos
506 3521 596 3587 illam
628 3523 901 3589 constructionem
930 3525 1088 3590 veriorem
1116 3525 1275 3603 ducimus,
1309 3525 1350 3590 ad

176 3651 270 3712 quam
297 3629 445 3714 legentes
476 3631 667 3713 promtiores
701 3652 811 3695 sumus
838 3654 986 3715 quaeque
1018 3635 1152 3716 propter
1178 3632 1293 3718 duplex
1314 3654 1350 3696 τε

175 3736 386 3819 aequabiliter
415 3737 557 3820 positum
584 3737 771 3803 concinnior
797 3738 939 3816 videtur,
966 3739 1015 3823 τῷ
1044 3730 1076 3802 δ’
1099 3733 1347 3817 ἐπετοξάζοντο,

174 3835 256 3907 ίοῖσί
282 3864 319 3907 τε
347 3837 578 3924 τιτυσκόμενοι
608 3838 725 3908 λάεσσί
755 3866 791 3908 τε
821 3838 1010 3927 βάλλοντες.
1059 3844 1124 3912 Sed
1152 3867 1212 3930 pro
1245 3845 1347 3911 altero
1366 3869 1397 3918 63

174 3950 345 4035 participio
367 3950 496 4016 transiit
517 3951 557 4016 ad
578 3951 711 4017 verbum
732 3951 870 4031 finitum,
890 3957 928 4018 ut
948 3956 976 4014 Y
995 3958 1048 4021 48:

989 4050 1049 4124 αὖε
1071 4052 1104 4123 δ’
1124 4050 1265 4147 Ἀθήνη,

277 4157 370 4229 στάντ’
396 4156 451 4231 δτέ
471 4161 532 4247 μὲν
553 4162 646 4250 παρὰ
665 4157 795 4253 τάφρον
816 4157 959 4252 ὀρυκτὴν
979 4161 1105 4246 τείχεος
1125 4161 1229 4245 ἐκτός,

277 4262 391 4336 ἄλλοτ’
415 4265 467 4337 ἐπ’
491 4266 625 4337 ἀκτάων
646 4267 835 4356 ἐριδούπων
854 4271 987 4355 μακρὰν
1008 4267 1110 4338 ἀΰτει.

177 4381 206 4441 Κ
219 4383 290 4448 388.
314 4380 344 4442 E
358 4385 425 4447 145.
446 4403 465 4462 ρ
482 4387 532 4449 66.
555 4402 574 4444 ο
590 4387 618 4447 6.
642 4386 755 4468 ψ351.
778 4404 805 4445 v.
819 4381 983 4448 Fritzsche
1005 4387 1128 4466 quaest.
1141 4383 1216 4449 Luc.
1230 4406 1261 4467 p.
1279 4390 1345 4451 112.
