3425 4934
622 362 643 412 l.
666 355 708 411 De
725 355 906 416 athetasibus.
1288 363 1348 426 337

178 524 355 591 inclinabat
376 523 568 590 Zenodotus.
604 525 746 592 Ariston.
768 529 787 589 l
806 531 853 593 23.
875 531 924 593 24.
947 530 987 591 25
1010 518 1042 608 (ἡ
1067 520 1186 609 διπλῇ)
1208 518 1261 587 ὅτι
1283 527 1350 608 Zp-

180 624 317 707 νόδοτος
342 621 421 718 ripae
446 630 525 710 τοὺς
550 628 679 712 στίχους
703 629 790 717 πρὸς
810 626 908 697 οὐδὲν
930 623 1126 714 ἀναγκαῖον,
1156 622 1229 694 ἀλλ’
1254 624 1350 694 ἕνεκα

178 746 238 804 τοῦ
265 731 335 804 κατ’
365 730 487 815 ἄλλους
511 730 638 836 ιτόπους
664 735 841 829 φέρεσθαι.
879 740 1063 814 τοιοῦτος
1090 732 1133 802 δέ
1158 732 1265 802 ἐστιν
1286 733 1352 802 ἐπὶ

178 848 253 911 τῶν
284 843 598 932 διφορουμέυωυ.
643 851 674 912 Β
700 854 740 917 60
769 869 840 933 sqq·
893 847 1118 934 Agamemnon
1148 846 1183 910 in
1215 845 1351 911 consilio

180 955 378 1020 insomnium
393 976 488 1022 suum
500 955 615 1021 iisdem
631 956 738 1022 verbis
760 956 902 1041 exponit,
923 955 1040 1040 quibus
1054 955 1193 1039 primum
1207 951 1353 1038 luppiter

181 1063 222 1127 ad
242 1061 415 1141 Somnum,
444 1063 517 1129 dein
539 1062 680 1130 Somnus
706 1064 747 1130 ad
767 1062 1048 1150 Agamemnonem
1069 1083 1147 1127 usus
1170 1065 1246 1127 erat.
1282 1060 1353 1126 Hoc

180 1169 253 1236 loco
279 1193 321 1236 ne
346 1171 444 1238 tertio
473 1172 585 1239 eadem
609 1176 832 1258 repeterentur
854 1173 964 1238 decem
984 1192 1095 1237 versus
1116 1169 1151 1235 in
1173 1168 1254 1234 duos
1276 1189 1353 1233 con·

180 1283 322 1344 traxerat
355 1282 394 1361 (v.
420 1279 562 1345 Ariston.
592 1285 625 1347 et
649 1280 741 1348 Euat.
770 1304 801 1366 p.
834 1283 916 1363 193).
966 1278 1112 1364 Opponit
1140 1275 1353 1342 Aristonicus:

180 1383 222 1449 τὰ
245 1381 282 1450 dd
303 1376 530 1470 dnuyyetrcrd
558 1381 596 1467 ἐξ
614 1380 759 1475 ἀνάγκης
787 1384 838 1465 δὶς
863 1384 920 1452 καὶ
944 1383 1014 1470 τρὶς
1041 1379 1262 1451 dranci-sirac
1280 1385 1355 1458 ταῖς

183 1483 298 1570 αὐταῖς
326 1488 442 1573 λέξεσι.
483 1491 540 1559 καὶ
571 1488 609 1560 οὖ
642 1491 869 1583 acromion·
903 1487 1084 1578 ἀναγκαῖον
1109 1488 1171 1577 γὰρ
1203 1487 1355 1568 καὶτοῖς

183 1596 459 1689 συγκεκλημένοις
483 1600 677 1685 βουλευταῖς
698 1595 938 1690 διηγήσασθαι.
980 1599 1066 1666 Hinc
1086 1600 1298 1686 intelligimus
1320 1599 1353 1664 in

183 1709 342 1776 eiusmodi
362 1709 507 1776 versibus
527 1711 679 1778 notandis
693 1710 917 1777 Aristarchum
939 1730 1036 1794 quam
1050 1707 1251 1775 Zenodotum
1271 1711 1355 1773 tem·

183 1818 400 1902 peranticrem
421 1820 630 1904 (quamquam
651 1843 692 1885 ne
712 1819 759 1884 ita
780 1817 1000 1903 interpreteris
1022 1815 1242 1881 Aristonicum
1264 1815 1355 1900 quasi

183 1925 267 1992 hanc
299 1929 419 1991 certam
449 1926 555 2013 legem
586 1926 737 1993 habuerit
762 1927 948 1994 Zenodotus
980 1928 1018 1990 ut
1049 1923 1198 1990 nullum
1227 1944 1354 1990 versum

183 2033 311 2118 saepius
324 2032 532 2118 relinqueret3
554 2035 643 2120 quod
656 2056 723 2101 uon
738 2039 788 2102 est
808 2036 875 2119 ita),
896 2038 930 2101 et
950 2033 1087 2099 maxime
1110 2032 1145 2097 in
1165 2031 1437 2102 nuntiarentur)

183 2139 317 2206 vocibus
337 2142 465 2226 saepius
484 2143 631 2228 repetitis
656 2143 787 2209 minime
816 2141 996 2208 offendisse.
1038 2140 1192 2205 Attamen
1213 2139 1356 2205 Aristar-

185 2247 264 2313 chus
286 2269 415 2333 quoque
443 2248 597 2316 iudicavit
617 2250 803 2335 saepissime
824 2251 946 2316 factum
968 2270 1037 2314 esse
1058 2247 1093 2312 iu
1114 2245 1296 2313 Homericis
1319 2250 1357 2311 ut

183 2379 294 2422 versus
307 2379 374 2423 uno
389 2357 498 2442 aliquo
511 2357 585 2424 loco
599 2361 686 2424 recte
701 2362 734 2424 et
754 2361 830 2443 apte
851 2357 950 2443 positi
971 2380 1029 2442 per
1050 2378 1191 2423 errorem
1212 2355 1253 2420 ed
1274 2353 1356 2420 alios

185 2462 274 2530 locos
292 2463 349 2530 ubi
369 2465 476 2531 miuus
497 2468 592 2550 aptus
613 2487 724 2532 eorum
744 2466 835 2533 locus
856 2464 1120 2532 transferrentur:
1142 2463 1217 2529 inde
1238 2484 1357 2548 magna

186 2572 279 2656 copia
293 2571 438 2638 locorum
452 2572 605 2639 asterisco
627 2577 661 2638 et
681 2578 793 2639 contra
814 2572 909 2639 obelo
931 2577 966 2638 et
986 2572 1138 2639 asterisco
1160 2573 1356 2638 notatarum.

186 2678 258 2744 Hoc
288 2700 391 2765 genus
418 2680 675 2765 interpolationis
702 2681 843 2767 proclive
873 2703 943 2748 esse
964 2684 1111 2766 apparet:
1142 2683 1175 2745 et
1195 2682 1272 2745 sunt
1292 2679 1356 2745 loci

187 2785 377 2870 complures,
400 2786 518 2870 quibus
532 2788 577 2852 ita
591 2786 712 2854 factum
727 2811 796 2855 esse
818 2789 1039 2855 certissimum
1074 2789 1228 2854 Attamen
1248 2787 1355 2853 iudico

186 2893 220 2958 in
249 2892 310 2958 hac
338 2916 373 2959 re
403 2893 509 2979 ipsum
536 2916 665 2981 quoque
688 2896 913 2964 Aristarchum
938 2896 1066 2982 saepius
1097 2917 1194 2979 quam
1226 2916 1356 2960 necesse

187 3000 283 3067 obelo
297 3023 392 3067 usum
406 3023 486 3068 esse.
521 3001 585 3069 Sed
606 3026 681 3071 care
702 3006 737 3070 iu
758 3004 868 3071 multis
889 3004 984 3070 citius
1004 3003 1137 3069 iudices.
1166 3002 1248 3068 Mihi
1271 3003 1356 3068 enim

187 3108 406 3194 compluribus
419 3107 499 3174 locis
514 3111 656 3177 accidere
669 3113 803 3178 memini
818 3117 856 3178 ut
875 3133 948 3178 cum
968 3112 1108 3198 primum
1129 3110 1270 3177 intuenti
1291 3132 1356 3176 non

187 3216 264 3283 satis
291 3219 474 3303 argumenti
500 3218 541 3283 ad
567 3218 697 3285 obelum
722 3220 909 3306 ponendum
935 3242 1006 3286 esse
1036 3218 1198 3285 videretur
1218 3218 1356 3302 denique

186 3346 252 3389 uon
278 3346 407 3409 possem
432 3348 484 3392 me
511 3325 676 3392 continere
704 3327 783 3410 quin
809 3327 844 3391 in
865 3331 973 3413 partes
994 3326 1193 3411 argutissimi
1214 3325 1355 3391 hominis
1373 3335 1421 3386 tra

187 3430 390 3500 discederem.
425 3431 460 3500 Si
475 3434 547 3519 quis
562 3454 602 3498 ex
614 3432 731 3512 multis,
754 3434 811 3519 qui
824 3433 923 3501 hodie
937 3433 1041 3500 multa
1053 3431 1207 3511 scribunt,
1228 3454 1358 3518 operam

187 3540 363 3625 susceperit
391 3540 430 3607 dc
457 3540 602 3607 versibus
623 3540 805 3607 Homericis
831 3543 872 3607 ab
894 3540 1082 3608 Aristarcho
1114 3540 1210 3608 obelo
1239 3540 1358 3607 notatis

188 3649 361 3733 quaerendi
382 3650 411 3715 is
432 3649 466 3714 iu
487 3649 592 3735 prima
611 3651 732 3736 pagina
752 3649 834 3715 illud
848 3647 1042 3727 Quintiliani
1059 3653 1173 3734 ponat:
1195 3647 1359 3727 „Modesto

187 3762 296 3823 tamen
310 3763 344 3824 et
357 3758 588 3843 circumspecto
603 3757 723 3823 iudicio
746 3756 899 3823 detentis
913 3757 990 3822 viris
1005 3758 1281 3843 pronuntiandum
1303 3762 1362 3835 est,

187 3886 237 3943 ne,
258 3866 346 3951 quod
363 3867 524 3952 plerisque
543 3865 667 3946 accidit,
689 3865 843 3931 damnent
864 3886 946 3949 quae
965 3887 1032 3931 non
1046 3864 1250 3952 intelligant‘
1265 3862 1306 3946 (X
1323 3866 1361 3945 1).

271 3974 311 4040 V.
351 3973 526 4059 Suspectus
556 3975 643 4040 visus
670 3973 835 4039 character
860 3972 1041 4039 Hesiodeus
1068 3973 1145 4054 (iam
1172 3970 1360 4053 Zenodoto).

186 4082 216 4145 Σ
239 4087 290 4150 39.
326 4082 358 4146 Ω
379 4089 449 4151 614.
485 4105 503 4148 ο
530 4090 578 4150 74.
619 4081 664 4147 Et
694 4079 781 4146 haud
811 4079 908 4146 dubie
934 4080 1062 4164 saepius
1090 4081 1129 4162 (e.
1157 4101 1188 4166 g.
1217 4083 1252 4143 X
1277 4082 1360 4161 495),

187 4191 243 4257 ubi
258 4211 344 4256 nunc
363 4189 426 4257 hoc
440 4193 666 4278 argumentum
688 4186 815 4254 excidit.
836 4221 877 4232 -
898 4186 984 4254 Sunt
1004 4187 1102 4253 etiam
1124 4210 1207 4272 quae
1229 4209 1269 4252 ex
1289 4186 1360 4273 ipso

186 4297 332 4365 Hesiodo
353 4298 388 4364 in
409 4298 587 4365 Homerum
607 4299 774 4377 venerunt,
795 4299 833 4361 ut
854 4295 886 4359 Ω
908 4303 948 4363 45
970 4286 1145 4359 ἀθετεῖυαι
1167 4289 1220 4359 ὅτι
1243 4290 1362 4359 ἐκτῶν

183 4401 346 4473 Ἡσιόδου
359 4400 591 4493 μετενήνεκται
603 4399 673 4472 ὑπό
683 4426 774 4482 τινος
790 4397 985 4487 νομίσανεος
999 4397 1168 4468 ἐλλείπειν
1180 4399 1239 4469 τὸν
1253 4396 1361 4487 λόγου.

237 4506 345 4563 hatra,
358 4507 492 4552 men.
1119 4506 1151 4558 22
