3425 4934
331 330 354 382 3.
379 322 503 395 ἑταῖρος.
526 318 671 417 σπεύδειν.
695 315 799 388 δειλός.
824 317 978 394 κρείσσων.
999 323 1162 396 κέρδιστος,
1179 327 1214 382 al.
1300 338 1356 396 117

673 584 881 674 Κρείσσων.

276 745 311 806 Π
328 750 389 813 688
419 738 473 808 ὅτι
497 741 535 808 τὸ
557 747 710 827 κρεῖσσον
739 738 797 806 ἐπὶ
823 745 883 806 τοῦ
908 739 992 806 κατὰ
1019 737 1159 826 δύναμιν
1183 738 1320 832 τίθησιν
1342 742 1360 809 ὁ

187 843 338 938 ποιητής.
361 851 538 936 (Potestate
556 852 605 917 vel
620 851 742 917 viribus
755 849 892 933 melior.)
927 849 1000 916 Uno
1022 851 1095 917 loco
1116 852 1245 918 invenio
1267 852 1361 919 aliter

189 959 310 1024 dictum
332 982 410 1039 esse,
432 957 451 1038 ζ
473 965 538 1028 182.

657 1097 887 1105 -φ--ι-

535 1303 768 1391 Κέρδιστσς,
793 1303 1009 1394 κερδαλέος

701 1459 843 1526 σσίδέδτισ.

268 1632 299 1689 Ζ
320 1632 378 1694 153
400 1621 557 1713 Σίσυφος,
582 1616 603 1689 δ
624 1620 796 1708 κέρδιστος
817 1620 916 1711 γένετ>
941 1620 1087 1712 ἀνδρῶν·
1109 1622 1141 1714 (ἡ
1167 1627 1283 1716 διπλῆ)
1306 1627 1359 1695 ὅτι

182 1734 242 1801 τὸν
260 1732 393 1801 συνετὸν
413 1730 471 1799 καὶ
487 1731 668 1817 κερδαλέον
691 1730 863 1818 κέρδιστον
885 1731 991 1819 λέγει,
1014 1729 1046 1799 οὶ
1068 1733 1105 1800 δὲ
1126 1730 1280 1821 νεώτεροι
1300 1737 1358 1805 τὸν

184 1841 371 1933 φιλοκερδῆ
385 1837 584 1922 ἐξεδέξαντο.
621 1846 655 1906 K
668 1850 707 1910 44
726 1842 852 1928 βουλῆς
866 1839 1059 1930 κερδολέηςε
1081 1839 1113 1930 (ἡ
1131 1841 1250 1931 διπλῇ)
1272 1844 1359 1928 πρὸς

183 1949 221 2016 τὸ
256 1944 404 2034 ,,ἕνδάδε
435 1950 471 2035 (l.
498 1945 584 2015 ἔνθα
610 1946 662 2035 di>
692 1947 840 2038 Σίσοφος
867 1944 975 2030 ἔσκεν,
1012 1942 1032 2016 ὃ
1060 1946 1263 2035 κέρδιστος“.
1310 1953 1357 2021 cf.

184 2058 337 2144 Apollon.
359 2058 421 2125 lex.
445 2081 469 2123 s.
492 2052 756 2145 κερδαλεόφρον.

673 2404 866 2473 Ὓνταιδα.

265 2560 476 2628 Memorabile
503 2561 565 2626 hoc
590 2561 682 2627 aliter
707 2561 930 2627 Aristarchum
961 2562 1143 2649 intelligere
1171 2587 1268 2649 quam
1294 2588 1355 2632 nos

184 2668 337 2753 solemnn,
366 2669 463 2735 eiiam
489 2673 601 2734 contra
627 2670 674 2748 id,
704 2691 768 2753 quo
796 2669 993 2757 ebymologia
1015 2670 1129 2736 ducere
1150 2672 1283 2739 videtur.
1324 2677 1355 2735 (D

183 2784 243 2845 255
258 2770 289 2862 (ἡ
308 2775 423 2864 διπλῆ)
442 2772 548 2845 ὅτιτὸ
567 2772 702 2841 ὕπαιθα
725 2768 773 2853 εἷς
789 2768 1027 2860 τοῦμπροσθεν
1048 2775 1209 2865 σημαίνει.
1244 2784 1281 2842 Χ
1296 2787 1351 2848 141

184 2880 238 2950 ὅτι.
261 2888 437 2970 φοβεῖταιε
468 2880 500 2971 (ἡ
526 2883 643 2970 διπλῇ)
671 2879 722 2951 ὅτι
749 2880 807 2948 καὶ
832 2887 889 2948 νῦν
914 2888 1031 2973 σαφῶς
1052 2878 1125 2950 ἀντὶ
1146 2889 1205 2950 τοῦ
1226 2881 1353 2971 ἔμπρο-

182 2994 265 3056 σθεν
287 2984 412 3077 φεύγει.

653 3111 883 3121 ———--

677 3321 852 3408 Πραλέες
1371 3325 1418 3377 ¹1⁸

181 3478 210 3543 ei
231 3481 309 3544 sunt
328 3478 468 3563 pedites:
491 3478 519 3540 E
538 3483 609 3545 744.
631 3481 671 3540 Λ
692 3485 741 3544 49.
764 3481 806 3539 M
827 3486 876 3557 77,
898 3483 931 3543 et
951 3478 1096 3562 profecto
1117 3478 1206 3543 locos
1228 3479 1350 3544 Home-

180 3585 264 3651 ricos
284 3586 469 3671 inspicienti
491 3586 573 3651 nihil
595 3586 780 3669 speciosiun
824 3585 932 3651 Hodie
952 3586 1158 3652 Hermannus
1180 3585 1275 3651 aliam
1297 3608 1351 3650 ex-

179 3693 388 3778 plicationem
408 3694 554 3773 tentavit„
575 3693 634 3778 Op.
657 3691 700 3759 IV
725 3699 795 3762 288.

647 3883 878 3893 ----..

688 4006 844 4101 Κισφός.
1362 4024 1433 4094 (124)

259 4166 300 4227 Λ
321 4168 382 4232 390
403 4160 519 4251 κωφὸν
539 4157 656 4246 βέλος.Ι
684 4152 716 4249 (ἡ
742 4162 861 4251 διπλῆ)
884 4160 936 4231 ὅτι
956 4161 1041 4230 κατὰ
1062 4160 1258 4252 μεταφορὰν
1280 4156 1350 4232 ἀπὸ

177 4275 236 4337 τοῦ
266 4268 351 4336 κατὰ
376 4268 438 4358 τὴν
465 4263 571 4358 ἀκοὴν
597 4267 656 4336 ἐπὶ
681 4269 720 4337 τὸ
746 4270 830 4337 κατὰ
856 4271 917 4359 τὴν
941 4269 1033 4359 ἁφὴν
1055 4268 1172 4359 κωφὸν
1191 4269 1230 4337 τὸ
1252 4264 1350 4338 ἀναί-

177 4383 313 4467 σθητον.
354 4375 388 4451 Ξ
408 4388 446 4450 16
471 4374 594 4463 κύματι
615 4382 737 4469 κωφῷε
767 4376 820 4447 ὅτι
841 4384 946 4468 κωφῷ
966 4376 1056 4465 λέγει
1076 4382 1124 4466 τῷ
1145 4373 1272 4468 ἀφώνῳ
1293 4378 1350 4447 καὶ
