3425 4934
605 328 630 378 5.
654 321 695 378 De
712 321 787 378 Ulixi
805 323 951 382 erroribus.
1302 330 1363 392 245

193 495 319 558 narunt.
361 490 412 557 Er
437 491 488 557 his
512 490 597 557 inter
623 491 821 577 antiquiores
844 497 913 558 erat
932 490 1096 577 Ephorus,
1122 494 1191 556 tum
1213 490 1364 557 Callima·

193 599 281 677 chus,
302 598 442 684 graviter
463 599 676 683 reprehensus
697 599 738 664 ab
759 598 976 684 Apollodoro,
997 599 1085 683 quod
1107 597 1295 683 Calypsonis
1313 599 1365 664 in·

193 706 296 772 sulam
314 709 341 769 Γ
339 703 443 769 ciclos
460 706 523 789 (vel
539 708 569 768 Γ
567 703 692 788 οὖλον),
711 729 842 791 parvam
862 705 1002 771 insulam
1021 727 1122 791 prope
1137 704 1365 791 Carthaginem

194 835 277 889 esso,
304 813 383 880 item
405 811 569 879 Scheriam
591 813 762 898 Corcyram
788 813 924 891 dixerat,
949 813 969 878 1.
997 812 1059 879 VH
1080 836 1111 898 p.
1132 819 1193 882 299
1219 813 1314 895 (358).
1349 811 1364 878 I

192 944 224 1007 p.
244 927 284 989 44
306 922 402 1003 (119).
445 920 572 997 Crates,
601 924 634 986 et
655 924 692 986 ut
718 942 774 986 eos
795 942 1057 997 commemorem,
1080 920 1121 986 ad
1144 941 1225 1006 quos
1247 919 1364 986 Strabo

191 1028 334 1107 recurrit,
354 1026 560 1113 Hipparchus
579 1050 610 1113 p.
634 1035 661 1096 2.
683 1036 713 1094 l.
738 1036 790 1107 15,
815 1027 971 1112 Polybius
992 1050 1023 1112 p.
1045 1032 1086 1094 22
1109 1028 1149 1108 (r.
1171 1025 1289 1093 Bernh.
1311 1027 1364 1094 Er.

191 1159 223 1222 p.
240 1138 305 1217 11),
325 1134 519 1201 Posidonius
539 1157 570 1220 p.
593 1143 620 1203 4.
652 1134 802 1220 Denique
827 1136 898 1220 ipse
919 1133 1045 1201 Strabo.
1077 1132 1167 1219 Ergo
1188 1135 1365 1221 geographi

192 1246 278 1311 certe
297 1240 531 1325 Eratosthenis,
549 1242 736 1321 Aristarchi,
750 1241 945 1327 Apollodori
965 1241 1156 1307 auctoritate
1177 1264 1244 1307 non
1259 1264 1364 1308 errore

191 1351 304 1417 levati:
325 1372 521 1434 quamquam
541 1349 627 1434 apud
641 1348 834 1415 Strabonem
854 1352 1042 1433 promptum
1061 1351 1111 1414 est
1130 1349 1247 1429 videre,
1268 1373 1364 1434 quam

191 1459 232 1524 ad
251 1480 363 1524 sanam
383 1457 541 1523 rationem
563 1456 739 1542 identidem
759 1456 879 1522 invitus
894 1455 1047 1521 trahatu.
1077 1456 1271 1541 Apollodori
1290 1479 1363 1523 sen·

191 1567 294 1633 tentia
315 1567 410 1650 (quae
432 1565 544 1630 eadem
564 1562 744 1628 Aristarchi
767 1566 817 1629 est
838 1566 872 1629 et
891 1562 1129 1647 Eratosthenis)
1150 1564 1262 1628 multis
1283 1564 1363 1630 locis

192 1675 278 1760 apud
297 1671 490 1739 Strabonem
513 1670 672 1756 exposita,
698 1692 858 1755 nusquam
884 1674 993 1735 tamen
1018 1670 1120 1736 fusius
1142 1693 1239 1755 quam
1259 1671 1280 1735 l.
1301 1670 1363 1736 vss

188 1805 220 1868 p.
241 1785 303 1849 298
326 1782 412 1862 (354)
434 1780 566 1864 sqq.¹⁶⁷.
610 1776 776 1844 Summam
803 1779 868 1843 iam
890 1801 987 1864 supra
1008 1778 1157 1863 exposui,
1186 1780 1225 1844 de
1245 1778 1362 1843 Erato·

190 1888 304 1955 sthene
325 1886 470 1972 loquens.
504 1885 597 1952 Addo
619 1884 714 1950 hacc:
734 1884 913 1953 Homerum
934 1907 993 1952 uec
1013 1883 1155 1951 Pontum
1178 1908 1282 1969 nosse,
1303 1908 1362 1950 nee

189 1991 254 2073 „cir
275 1988 353 2075 περὶ
372 1986 550 2076 Αίχυνττον
571 1989 628 2058 καί
648 1983 821 2078 Λιβίηνῐί,
849 2015 910 2059 neo
935 1991 1093 2060 Isthmum
1115 1993 1256 2060 Afrmam
1277 1993 1360 2058 inter
1378 2002 1426 2053 219

189 2107 223 2169 et
242 2102 355 2169 Asiam
375 2122 435 2167 nec
454 2122 542 2167 mare
563 2102 696 2167 rubrum
718 2122 778 2167 nee
800 2097 874 2178 „sd
896 2098 997 2165 κατὰ
1018 2093 1291 2186 τὴνἈραβίαν
1305 2098 1362 2166 καὶ

188 2203 389 2276 Αἰθιοπίαν
412 2205 471 2273 καί
495 2204 554 2273 τὸν
572 2199 768 2273 Ὠκεανόνίῐ.
811 2207 897 2274 Hinc
922 2212 1013 2293 patet
1039 2208 1157 2275 falsum
1183 2208 1362 2295 essequod

189 2318 289 2384 schol.
315 2317 393 2382 dicit
420 2314 501 2384 (194
519 2309 734 2400 Ἀρίσταρχος
750 2309 935 2399 Ἐρεμβοὺς
960 2312 1037 2393 τοὺς
1056 2307 1209 2399 ’Ἀραβας
1236 2309 1360 2383 ἀκούει.

188 2426 233 2492 Et
248 2424 341 2490 Euat.
355 2423 398 2490 ib.
415 2424 458 2508 (p.
476 2425 568 2507 1484)
585 2415 799 2508 Ἀρίσταρχος
820 2416 860 2487 δέ
881 2443 967 2510 φασι
987 2419 1044 2487 καί
1065 2415 1164 2501 αὐτὸς
1181 2416 1362 2507 Ἐρεμνοὺς
1451 2480 1453 2484 ⁴

187 2523 437 2616 τοὺςἈραβας
465 2531 543 2597 νοεῖ.
570 2567 610 2578 -
642 2530 692 2596 Ι)ε
722 2530 940 2615 Aethiopibus
970 2530 1134 2615 bipartitis
1160 2531 1298 2599 Cratetis
1328 2537 1362 2598 et

188 2638 365 2707 Aristarchi
385 2638 547 2706 sententia
566 2637 637 2704 fuse
658 2637 777 2703 tradita
798 2661 818 2703 a
837 2636 998 2704 Strabone
1019 2638 1040 2702 l
1060 2638 1077 2703 Ι
1097 2663 1128 2725 p.
1143 2644 1183 2708 30
1205 2642 1271 2724 (81)
1290 2662 1359 2725 sqq.
1371 2639 1443 2711 (los)

190 2748 313 2825 Crates,
345 2747 488 2832 quinque
510 2744 615 2812 Zonas
637 2749 670 2812 et
691 2744 821 2812 Zodiaci
847 2744 1091 2812 inclinationem
1113 2747 1285 2827 advocans,
1307 2769 1360 2813 ve·

188 2855 340 2922 teratorie
361 2855 445 2941 agit3
466 2853 672 2920 Aristarchus
694 2852 801 2919 sobrie
821 2857 855 2919 et
876 2853 903 2918 si
925 2852 993 2918 eius
1013 2853 1192 2939 Aethiopas
1212 2854 1247 2918 in
1267 2852 1361 2921 tabu·

187 2963 252 3029 lam
281 2962 399 3028 referre
427 2962 506 3027 velis
527 2965 565 3026 ut
586 2960 652 3027 fere
674 2983 747 3026 cum
768 2959 929 3027 Vossiana
950 2960 1191 3046 conspiraturos
1211 2960 1359 3028 videaris:

188 3066 233 3148 „ri
265 3063 297 3134 δ’
324 3061 538 3154 Ἀρίσταρχος
568 3060 688 3154 ταύτην
714 3062 775 3149 μέν
805 3060 964 3151 ἐκβάλλει
991 3064 1052 3153 τὴν
1076 3059 1256 3134 ὑπόθεσιν·
1285 3061 1360 3148 δίχα

189 3173 227 3243 δέ
250 3171 510 3260 μεμερισμένους
536 3167 644 3241 οίέται
670 3170 833 3259 λέγεσθαι
856 3177 936 3252 τοὺς
961 3167 1041 3241 καθ’
1069 3167 1158 3261 ἡμᾶς
1177 3168 1361 3252 Αἰθίοπας

187 3281 265 3362 τοὺς
291 3285 362 3362 τοῖς
374 3280 519 3368 Ἕλλησι
545 3279 630 3366 πρὸς
654 3276 862 3369 μεσημβρίαν
887 3274 1052 3364 έσχοίτους.
1092 3275 1229 3361 τούτους
1254 3278 1357 3370 δὲμὴ

187 3387 392 3475 μεμερίσθαι
414 3385 490 3470 δίχα
511 3384 595 3455 ὥστε
615 3379 701 3455 εἶναι
723 3382 784 3456 δύο
798 3383 1007 3476 Αἰθιοπίας,
1028 3387 1088 3478 τὴν
1103 3386 1164 3473 μέν
1177 3388 1264 3475 πρὸς
1277 3383 1360 3456 ἂνα-

188 3494 298 3586 τυλήν,
325 3496 386 3586 τὴν
412 3493 450 3562 δέ
470 3493 556 3582 πρὸς
578 3491 685 3583 δύσιν,
711 3490 798 3563 ἀλλὰ
823 3494 905 3582 μίαν
925 3494 1029 3586 μόνην
1047 3496 1108 3587 τὴν
1128 3495 1215 3582 πρὸς
1233 3520 1359 3586 μεσημ-

189 3601 286 3692 βρίαν
317 3602 471 3693 κειμένην
499 3608 570 3684 τοῖς
588 3601 764 3692 Ἕλλησιν,
799 3599 975 3693 ἱδρυμένην
1007 3603 1044 3673 δέ
1069 3599 1139 3673 κατ’
1166 3600 1357 3691 Ai'yumov·

188 3717 285 3779 τοῦτο
307 3709 344 3779 δέ
365 3706 548 3798 ἀγνοοῦντα
568 3710 627 3778 τὸν
645 3705 805 3801 ποιητήν,
829 3710 942 3800 ὥσπερ
963 3712 1082 3781 καὶτὰ
1104 3708 1202 3793 ἄλλα,
1226 3709 1290 3782 ὅσα
1311 3708 1359 3779 εἴ·

189 3844 285 3910 ρηκεν
302 3814 560 3905 Ἀπολλόδωρος
587 3816 622 3884 ἐν
642 3823 690 3906 τῷ
712 3817 789 3906 περὶ
809 3824 892 3886 νεῶν
913 3815 1100 3907 καταλόγου
1123 3818 1274 3911 δευτέρῳ,
1297 3847 1358 3889 κα·

188 3923 427 4019 saudemont
443 3931 509 3992 τῶν
529 3922 642 3994 τόπων
662 3926 703 3992 τὰ
723 3925 770 4015 μὴ
796 3922 911 3996 h'cror“⁸

273 4038 421 4104 Ceterum
451 4037 635 4104 Demetrius
665 4036 814 4122 Scepsius
848 4038 934 4105 idem
970 4040 1071 4105 sensit
1108 4041 1146 4105 de
1174 4040 1226 4105 his
1252 4042 1357 4118 rebus,

188 4168 385 4234 quamquam
413 4166 512 4229 quum
538 4145 600 4211 sibi
622 4142 799 4210 Troianum
826 4146 1011 4233 catalogum
1043 4151 1170 4213 tantum
1191 4148 1358 4214 illustran-

186 4381 205 4438 s
250 4292 483 4439 llllliilxlposnerat
503 4295 574 4352 haec
593 4295 625 4351 in
645 4292 788 4364 prooemio
810 4294 876 4352 libri
900 4296 1015 4354 secundi
1033 4297 1067 4353 de
1088 4298 1217 4369 catalogo
1234 4299 1356 4354 narium.

204 4384 251 4439 tra
270 4422 278 4438 .
