3425 4934
528 337 551 388 1.
576 331 618 389 De
634 338 706 399 aare,
725 333 846 398 aethere,
864 332 989 405 Olympo.
1290 345 1347 407 165

182 492 381 583 Οὐλύμποιο
408 492 478 566 άπὸ
504 493 593 584 ῥίουε
622 495 674 565 ὅτι
701 492 779 583 δ’ρος
804 493 1015 584 δ”Ολυμπος
1040 498 1097 568 καὶ
1121 496 1178 583 ῥία
1204 496 1272 583 ἔξει
1292 501 1350 570 καὶ

177 602 248 674 άπὸ
267 609 334 672 τῶν
355 600 441 691 δρῶν
462 602 578 694 <olori
604 609 713 675 Lehrs.
736 608 1200 694 ερ.1““τίεδ]εεοδεε.Αήελοα.
1221 633 1252 696 p.
1270 613 1348 698 231>

177 711 425 800 ἐπιθεωροῦσιν
446 717 496 801 (ul
515 716 661 804 Iuppiter
681 718 722 783 ab
743 716 821 800 Ida).
866 712 900 787 Ξ
917 723 977 785 225
1000 711 1097 781 λίπεν
1119 711 1192 802 ῥίον
1218 712 1349 801 Οὐλύμ-

176 844 274 889 noto:
302 818 336 910 (ἡ
360 822 479 912 διπλῆ)
502 823 554 890 ὅτι
576 817 656 908 ὅρος
677 816 900 906 ὁὈλυμπος·
927 821 966 891 νδ
994 822 1057 910 γάρ
1085 820 1158 911 ῥίον
1178 818 1274 905 ἰδίως
1294 820 1347 892 ἐπ’

175 924 276 1016 ὅρους
298 923 465 997 τάσσεται.
519 937 551 996 Τ
577 940 635 1001 114
662 926 734 1017 ῥίον
765 925 981 1015 Ου’λύμποιοε
1011 930 1098 1017 πρὸς
1121 929 1164 998 ιὰ
1189 931 1349 1019 περὶτοῦ

172 1031 356 1123 Ὀλύμπου.
398 1038 437 1106 In
457 1039 515 1108 illo
537 1061 631 1107 versu
658 1041 738 1122 μαῖα
765 1033 798 1103 δ’
821 1035 872 1106 ἔτι
892 1037 969 1126 ξυνὴ
992 1034 1126 1105 πάντων
1147 1038 1205 1106 καὶ
1220 1040 1349 1129 μακρὸς

166 1140 345 1230 Ὄλυμπος
371 1150 416 1231 (O
447 1152 517 1232 193)
548 1171 590 1214 ne
616 1149 688 1233 quia
715 1147 878 1236 intelligat
909 1148 1082 1235 Olympum
1110 1153 1199 1216 extra
1229 1155 1348 1218 terram

173 1257 267 1344 poni,
287 1257 368 1324 haec
388 1261 536 1338 annotat,
562 1278 645 1342 quae
665 1277 768 1342 paene
790 1257 937 1343 argutiae
958 1256 1164 1324 videbuntur:
1196 1253 1217 1346 ἡ
1242 1259 1349 1348 διπλῆ

175 1359 228 1430 ὅτι
242 1361 394 1451 οιναφης
406 1365 447 1454 τῇ
461 1357 685 1455 γῇὈλυμπος
699 1356 744 1441 ὡς
766 1355 807 1427 {lv
829 1355 920 1445 ὅρος·
939 1360 978 1430 τὸ
994 1359 1032 1429 δὲ
1046 1359 1166 1446 ὅμοιον
1182 1362 1348 1455 πεποίηκε

174 1468 232 1537 καὶ
256 1466 293 1537 ἐν
310 1464 486 1559 Ὀδυσσείᾳ
512 1463 677 1557 ,μαιετάω
704 1463 737 1535 δ’
761 1464 898 1557 Ἰθάκην
927 1463 1095 1536 εὐδείελον
1102 1518 1111 1549 ,
1146 1468 1182 1538 δν
1208 1468 1242 1538 δ’
1270 1468 1348 1560 ὅρος

174 1572 282 1668 ούτῇ“
304 1581 332 1664 (ι
352 1583 414 1665 21).
455 1573 612 1664 κεχάρικε
637 1575 700 1664 γάρ
726 1574 764 1643 τὸ
789 1571 868 1663 δρας
887 1581 948 1665 τῆς
966 1572 1115 1665 Ἰθάκης,
1148 1572 1208 1661 ούχ
1232 1574 1278 1660 ὡς
1299 1581 1346 1671 μὴ

174 1679 214 1753 δν
235 1679 288 1752 ἐπ’
311 1679 426 1774 αὐτῆς,
448 1681 606 1771 καθάπερ
628 1685 685 1752 καὶ
705 1683 762 1752 τὸν
775 1680 968 1769 Ὀλυμπον,
993 1682 1143 1771 ἐπίγειον
1164 1680 1258 1768 ὄντα,
1288 1692 1349 1777 τῆς

175 1797 247 1882 γῆς·
281 1787 313 1859 εἰ
338 1792 399 1881 γὰρ
425 1789 444 1860 δ
470 1788 571 1873 αὐτὸς
592 1798 641 1881 aqi
667 1788 797 1881 οὐρανῷ
819 1787 842 1881 ἢ
862 1791 964 1878 μέρος
985 1790 1287 1879 ἒπουράνιον,ὀδκ
1307 1789 1348 1862 άν

174 1899 299 1987 κοινός,
325 1895 399 1968 ἀλλ’
422 1895 513 1980 ἴδιος
531 1904 592 1968 τοῦ
611 1898 697 1980 Διός
723 1906 762 1986 (v.
787 1907 867 1987 192).
903 1904 993 1971 Haeo
1014 1906 1135 1991 aptius:
1167 1907 1196 1967 Y
1215 1911 1255 1974 58
1276 1908 1348 1972 Πο-

173 2004 319 2076 σειδάων
347 2004 491 2092 ἐτίναξεν
515 2014 613 2096 μαῖαν
638 2004 830 2098 ἀπειρεσίην
855 2003 961 2095 ύρίων
986 2004 1013 2075 τ’
1042 2004 1179 2077 αἰπεινὰ
1206 2005 1349 2099 κάρηναε

174 2112 207 2206 (ἦ
232 2117 350 2206 διπλῆ)
371 2115 425 2185 δίι
447 2115 608 2185 διέστειλε
627 2122 688 2206 τῆς
708 2126 767 2207 γῆς
785 2116 827 2183 τά
849 2111 924 2206 δ’ρη,
954 2113 999 2198 ὥς
1024 2115 1094 2185 ἐκεῖ
1115 2119 1217 2206 ,μαῖα
1243 2112 1275 2183 δ’
1299 2113 1348 2185 ἔτι

174 2223 251 2313 ξυνὴ
266 2224 400 2292 πάντων
418 2223 475 2293 καὶ
488 2220 830 2313 μακρδς”ολυμπος“.
860 2227 944 2295 Item
960 2228 1024 2294 hoc
1039 2225 1058 2307 ζ
1070 2235 1110 2296 42
1130 2220 1344 2309 ούλυμπάνδ’
1358 2234 1430 2304 (170)

173 2331 238 2403 ὅθι
255 2332 338 2424 φασί
352 2337 445 2401 θεῶν
462 2331 539 2413 ἕδος
553 2358 609 2401 -.·
630 2327 659 2400 εἰ
680 2331 741 2418 μὲν
758 2333 844 2422 πρὸς
866 2328 1007 2421 ούρανὸν
1027 2333 1065 2401 ιδ
1088 2330 1153 2402 ὅθι
1173 2330 1270 2423 φασί,
1293 2337 1349 2400 νύν

175 2435 235 2507 ούκ
256 2436 322 2523 {igar
343 2441 468 2521 καλῶς·
490 2435 569 2509 οὐδὲ
589 2440 651 2527 γὰρ
674 2436 732 2507 ἐπὶ
749 2437 867 2508 τούτου
883 2435 1031 2522 διστάζει
1053 2444 1144 2528 (pulo
1164 2436 1349 2508 διστάσειεν

174 2542 227 2634 ἂν)
256 2543 275 2616 ὁ
303 2547 446 2637 ποιητὴς
470 2546 575 2634 λέγων
601 2545 664 2616 ὅθι
690 2544 807 2639 φασίν·
842 2543 873 2615 εἱ
902 2546 939 2615 δὲ
968 2547 1054 2634 πρὸς
1078 2547 1116 2615 τὸ
1145 2548 1348 2633 καλούμενον

173 2653 279 2735 ούιως
299 2650 387 2740 άρος,
411 2650 524 2724 καλόν.
561 2658 693 2726 Scholia
706 2659 747 2724 ad
770 2655 849 2737 ζ42.
874 2666 923 2727 44.
947 2666 987 2726 45
1009 2659 1101 2744 plura
1121 2659 1244 2725 habent
1264 2682 1348 2745 quae

173 2788 213 2831 ex
227 2766 432 2832 Aristarcheo
454 2766 543 2834 fonte
565 2789 635 2832 esse
657 2789 742 2833 nunc
763 2765 857 2831 facile
879 2766 984 2851 quivis
1005 2771 1168 2852 agnoscel.
1203 2766 1344 2834 Omnino

172 2874 207 2937 in
221 2894 257 2938 re
270 2873 466 2959 graviamma,
489 2897 570 2959 quae
585 2896 673 2940 acres
687 2875 814 2940 videtur
828 2874 1027 2940 adversarios
1047 2873 1207 2955 habuisse,
1227 2896 1347 2961 magna

171 3002 271 3066 parve
296 2981 444 3050 attendit.
487 2980 574 3048 Scite
595 2982 768 3062 monitum,
795 3004 990 3067 quamquam
1018 2981 1125 3047 solum
1144 3002 1203 3068 per
1223 3005 1258 3049 se
1279 3004 1347 3048 non

171 3088 332 3174 probaret,
355 3089 396 3154 ad
418 3111 434 3153 ε
454 3096 495 3157 55
517 3090 572 3156 ubi
593 3089 744 3157 Mercurii
766 3091 806 3155 ad
830 3090 1042 3175 Calypsonem
1062 3088 1125 3155 iter
1146 3090 1346 3176 depingitur:

172 3192 258 3277 πρὸς
277 3193 320 3260 τὰ
342 3192 420 3280 περί
436 3188 609 3281 Ὀλύμπου
630 3192 865 3284 σεσημείωται·
889 3189 919 3262 εἰ
940 3192 1000 3280 γὰρ
1021 3192 1067 3284 μὴ
1091 3189 1161 3263 άπὸ
1185 3197 1347 3263 Μακεδο-

173 3299 246 3381 νίας
266 3298 285 3371 ὁ
307 3300 390 3381 θεὸς
411 3299 545 3392 ἐξορμᾷ,
569 3297 643 3371 ἀλλ’
667 3299 800 3370 άνωθεν
822 3301 861 3385 ἐξ
879 3296 1036 3388 ούρανοῦ,
1068 3297 1129 3369 ούκ
1150 3296 1192 3369 δίν
1212 3302 1344 3392 πολλὴν

172 3407 340 3498 δπηλθεν,
369 3407 434 3489 ἕως
459 3406 507 3489 είς
530 3409 588 3500 τὴν
614 3415 713 3500 νῆσον
733 3408 976 3500 παραγένηται,
1005 3405 1078 3478 ἀλλ’
1101 3405 1205 3490 εύθύς
1223 3410 1345 3499 βουλη-

173 3516 249 3596 θεὶς
279 3518 363 3585 κατὰ
394 3513 540 3585 κάθετον
571 3517 745 3605 γενόμενος
770 3525 820 3606 (nl
840 3521 985 3588 Minerva
1015 3526 1047 3584 T
1069 3521 1150 3604 350).
1194 3520 1344 3587 Ceterum

172 3626 380 3695 Macedoniae
401 3633 545 3695 montem
566 3629 700 3696 indicari
720 3630 772 3696 his
792 3629 874 3696 locis
895 3628 1070 3716 colligitur.
1106 3631 1145 3692 A
1166 3632 1227 3696 593
1248 3625 1343 3710 (κάπ-

172 3755 275 3799 πεσον
296 3731 331 3799 ἒν
352 3727 498 3824 Λήμνῳ)
525 3734 612 3817 πρὸς
636 3733 678 3799 τὰ
704 3733 782 3822 περὶ
800 3730 986 3818 Ὀλύμπου·
1013 3727 1218 3820 παράκειται
1240 3731 1301 3818 γὰρ
1323 3729 1344 3820 ἡ

171 3846 313 3929 Λῆμνος
332 3845 373 3932 τῇ
396 3835 519 3931 Θρᾴκη.
555 3840 588 3913 Ξ
606 3850 667 3912 226
681 3838 769 3931 Ἥρη
792 3837 825 3908 δ’
849 3837 972 3926 άίξαοα
994 3837 1092 3908 λίπεν
1112 3838 1187 3926 ῥίον
1212 3833 1346 3923 Οὐλύμ-

172 3973 265 4030 ποιο,
289 3944 430 4038 Πιερίην
452 3945 485 4016 δ)
511 3948 660 4035 ἐπιβᾶσα
681 3949 738 4018 καί
757 3945 932 4039 Ἠμαθίην
953 3943 1135 4038 ἐρατεινήν,
1158 3942 1265 4015 σεύατ’
1290 3941 1343 4035 ἐφ’

171 4051 376 4124 ἱπποπόλων
394 4059 530 4147 Θρηκάν
551 4053 631 4145 ὄρεα
653 4054 827 4146 νιφόεντος
849 4056 882 4147 (ἡ
900 4059 1018 4146 διπλῆ)
1041 4055 1094 4125 δτι
1108 4052 1346 4135 Μακεδονικὸς

163 4159 340 4249 ’Ὀλυμπος
365 4170 456 4232 θεῶν
486 4161 691 4254 οἰκητήριον
724 4164 744 4254 η
776 4165 838 4251 γὰρ
865 4160 989 4251 Πιερία
1016 4160 1136 4232 τούτου
1162 4157 1341 4251 άκρυίρεια,
1362 4184 1410 4237 ιον

171 4271 228 4340 καὶ
246 4267 404 4357 Ἠμοθία
423 4273 461 4342 τὸ
488 4270 650 4360 πρότερον
675 4269 695 4362 ι)
721 4269 922 4340 Μακεδονία
947 4270 1113 4339 ἐκαλεῖτο·
1143 4268 1346 4358 παράκειται

171 4377 282 4449 δὲκαὶ
302 4376 323 4469 ἡ
343 4374 465 4471 Θρᾴκη.
499 4379 555 4448 καί
576 4378 611 4448 ἐν
629 4376 807 4470 Ὀδυσσείᾳ
827 4385 855 4465 (ε
870 4387 923 4467 50)
945 4378 1003 4448 ἐπὶ
1021 4383 1082 4449 τοῦ
1097 4375 1218 4466 Ἑρμοῦ
1236 4385 1344 4462 ,,Πιε-
