3425 4934
394 319 452 383 198
573 312 619 366 111.
641 312 682 368 De
700 310 855 368 Aristarchi
872 312 990 369 scientia
1008 311 1186 382 antiquitatis
1203 311 1374 368 Homericae.

392 480 480 565 quod
506 502 572 546 non
599 487 666 546 tam
692 481 733 546 ad
754 503 887 567 gravem
912 481 1175 567 fructuosamque
1203 480 1381 547 doctrinam
1403 501 1500 565 quam
1521 477 1562 543 ad

391 610 506 654 vanam
528 589 754 654 ostentandam
776 589 943 654 scientiam
964 589 1073 654 velud
1093 588 1320 654 venditandam
1340 586 1464 673 ingenii
1485 586 1562 651 sub·

392 695 544 762 tilitatem
569 696 621 762 vel
649 697 746 761 etiam
775 697 816 764 ad
841 697 1037 782 carpendum
1064 696 1222 780 optimum
1246 699 1378 780 poetam
1396 694 1563 759 inventum

392 804 581 888 cultumque
603 826 673 869 esse
694 804 866 888 putaveris.
885 803 974 870 'Hoc
996 803 1089 889 quale
1110 803 1216 880 fuerit,
1237 802 1322 867 unde
1341 805 1564 886 propagatum,

393 932 458 995 quo
480 911 588 976 studio
603 915 765 977 retentum
783 912 835 990 sit,
860 912 937 996 quid
958 910 1097 995 denique
1117 910 1151 974 in
1173 908 1454 995 grammaticorum
1478 928 1564 972 com·

392 1018 558 1083 menteriis
586 1018 736 1099 valuerit,
767 1019 828 1084 hac
857 1019 1025 1085 occasione
1055 1018 1234 1083 accuratius
1258 1015 1421 1101 inquirere
1449 1036 1564 1099 operae

311 1124 533 1209 (²⁰²lpratium
560 1126 664 1191 visum
691 1131 749 1192 est.
797 1126 919 1212 Attigit
943 1125 1024 1191 haec
1051 1147 1180 1211 qnoque
1206 1124 1331 1208 aliquot
1355 1122 1435 1187 loeis
1466 1122 1565 1187 divini

395 1232 509 1317 operis,
530 1254 595 1317 quo
612 1256 672 1299 nos
694 1234 734 1299 ad
748 1233 955 1299 Homericam
969 1233 1142 1298 lectionem
1163 1230 1312 1309 instituit
1333 1227 1486 1297 Wolfius:
1508 1231 1566 1294 sed

394 1362 454 1406 nec
476 1340 585 1406 omnia
605 1340 676 1420 ille,
704 1363 786 1426 quae
808 1340 922 1406 eodem
944 1344 1107 1425 spectant,
1126 1338 1178 1404 vel
1200 1338 1383 1422 composuit
1402 1338 1454 1403 vel
1475 1360 1565 1403 com-

394 1447 542 1531 portavit
564 1451 605 1526 et,
625 1452 663 1514 ut
678 1449 746 1514 eins
764 1448 950 1513 institutum
971 1448 1104 1529 ferebat,
1123 1446 1157 1512 in
1181 1446 1308 1531 magnis
1328 1445 1430 1529 copiis
1451 1468 1566 1531 parum

396 1554 476 1620 dixit
496 1555 654 1641 explicite,
674 1555 726 1620 vix
748 1559 786 1621 ut
807 1555 984 1620 scientibus
1005 1554 1084 1620 satis
1106 1554 1156 1621 sit.

478 1772 499 1851 ἓ
522 1778 549 1839 1.
586 1771 721 1837 Constat
734 1771 851 1836 summi
866 1774 981 1855 poetae
995 1769 1184 1856 aequalibus
1203 1769 1323 1855 quique
1336 1768 1453 1835 horum
1473 1767 1567 1853 plura

395 1898 454 1961 per
478 1877 587 1943 secula
612 1878 757 1965 vestigiis
778 1878 979 1960 institerunt,
1008 1877 1169 1964 religiosis
1188 1876 1387 1956 hominibus,
1413 1876 1469 1941 sed
1490 1876 1567 1940 sim·

396 1981 534 2067 plicibus
550 1988 584 2050 et
596 1985 704 2070 poesis
727 1985 969 2051 delectamentis
990 1984 1221 2063 helluantibus‚
1242 2006 1284 2050 ne
1304 1984 1473 2049 minimum
1495 1982 1567 2068 qui·

398 2091 470 2156 dem
484 2093 626 2178 scrupuli
640 2093 787 2159 iniecisse
802 2095 1011 2178 antiquorum
1025 2091 1169 2157 Deorum
1183 2094 1216 2156 et
1235 2113 1342 2158 mores
1363 2095 1397 2156 et
1416 2090 1568 2166 facinora,

397 2197 437 2263 ad
451 2197 620 2264 hominnm
634 2201 876 2267 similitudinem
894 2204 965 2265 tum
985 2201 1069 2266 bene
1090 2197 1298 2283 cupientium,
1318 2202 1388 2264 tum
1408 2220 1483 2263 vero
1505 2199 1569 2262 ira·

397 2306 555 2371 scentiam
580 2312 678 2392 atque
699 2308 922 2373 invidentium.
968 2306 1029 2371 His
1050 2306 1163 2392 igitur,
1184 2309 1222 2371 ut
1242 2305 1305 2371 hoc
1326 2309 1412 2384 utar,
1432 2326 1493 2370 neo
1512 2303 1568 2370 In·

397 2411 492 2477 nonis
512 2413 644 2480 incudes
664 2437 725 2480 uec
745 2413 884 2480 Vulcani
904 2413 1038 2480 reticula
1060 2412 1283 2497 displicebant.
1322 2410 1386 2477 Sed
1408 2433 1481 2477 cum
1501 2412 1569 2496 pri-

397 2539 486 2582 mum
507 2519 727 2605 philosophari
742 2520 854 2587 Graeci
875 2520 1024 2586 homines
1044 2520 1260 2602 instituerent,
1279 2524 1349 2585 tum
1370 2519 1470 2605 impia
1490 2519 1570 2583 haec

398 2625 476 2691 talia
498 2630 531 2692 et
551 2628 686 2693 scelesta
709 2649 778 2693 esse
799 2627 973 2694 duxerunt:
1002 2650 1066 2713 qua
1086 2626 1245 2713 religione
1266 2649 1333 2692 uon
1355 2626 1443 2692 solos
1464 2626 1570 2710 philo-

398 2732 528 2817 sophos,
545 2734 602 2799 sed
622 2735 711 2819 ipsos
733 2738 855 2821 poetas,
878 2736 905 2800 si
927 2757 992 2820 quo
1014 2757 1116 2799 novae
1139 2734 1304 2799 doctrinae
1326 2733 1432 2800 colore
1453 2733 1571 2798 imbuti

399 2845 519 2921 essent,
547 2842 684 2908 iniectos
711 2864 780 2908 osse
802 2842 934 2907 Pindari
962 2841 1108 2927 exemplo
1135 2841 1313 2909 edocemur.
1355 2840 1440 2906 Turn
1468 2840 1570 2927 igitur

333 2958 379 3010 201
401 2947 558 3034 quidquid
579 2972 618 3016 ex
638 2949 701 3016 hoc
722 2971 841 3036 genera
862 2949 990 3015 fabulae
1011 2949 1201 3027 afferebant,
1225 2947 1424 3014 eruditorum
1445 2949 1570 3013 animos

399 3055 606 3122 vehementer
633 3056 778 3123 offendit:
811 3057 984 3142 praecipue
1012 3061 1121 3121 tamen
1149 3055 1311 3121 Homerus
1337 3059 1371 3121 et
1397 3055 1569 3134 Hesiodus,

400 3163 456 3246 qui
484 3167 517 3228 et
543 3162 718 3248 plurimum
745 3163 779 3228 in
806 3163 976 3229 hominum
998 3185 1053 3228 ore
1074 3166 1278 3228 versarentur
1299 3184 1500 3248 quorumque
1521 3161 1571 3226 fa·

399 3269 495 3336 bulae
513 3293 578 3336 non
592 3270 737 3336 locorum
752 3271 955 3355 quorundam
969 3270 1088 3335 finibus
1102 3269 1245 3335 inclusae
1260 3274 1378 3354 essent,
1392 3269 1453 3347 ⁴scd
1467 3273 1572 3335 totam

402 3376 567 3443 Graeciam
597 3382 862 3464 pervagarentur,
896 3377 1166 3463 philosophorum
1197 3377 1317 3443 invidia
1345 3377 1572 3464 depaverunt.

400 3482 484 3548 Tum
509 3483 724 3571 Xenophanes
749 3485 874 3551 exstitit
896 3484 1177 3570 Colophonins¹¹⁷,
1196 3477 1432 3571 Ὁμηραπάτης
1452 3476 1572 3548 ἐπικό-

400 3614 492 3676 πτης,
516 3592 572 3676 qui
586 3593 736 3658 adversus
750 3597 924 3678 utrumque
937 3595 1068 3678 poetam
1082 3589 1185 3656 multa
1199 3592 1328 3679 scripsit
1341 3613 1517 3677 eorumque
1532 3589 1572 3655 de

402 3698 450 3763 dis
471 3701 672 3766 narrationes
694 3699 835 3785 graviter
855 3697 1074 3784 reprehendit:

527 3802 638 3872 πάντα
658 3809 757 3882 θεοῖς
778 3799 949 3894 ἀνέθηκαν
961 3799 1110 3892 Ὅμηρός
1132 3797 1169 3870 θ’
1189 3799 1350 3883 Ἡσίοδός
1369 3827 1414 3891 τε,

526 3911 611 3982 ὅσσοι
632 3905 710 3999 παρ’
734 3907 968 3998 ἀνθρώποισιν
990 3905 1122 3980 ὀνείδεα
1143 3909 1201 3978 καὶ
1220 3911 1328 3999 ψόγος
1349 3906 1428 3994 dori,

525 4019 679 4089 κλέπτειν
698 4012 868 4103 μοιχεύειν
888 4017 1000 4086 τεκαὶ
1021 4013 1189 4107 ἀλλήλους
1210 4011 1399 4086 ἀπονεύειν.

469 4281 506 4322 ¹¹⁷
525 4297 549 4335 v.
563 4279 633 4335 Paul
650 4279 685 4334 de
703 4277 770 4333 sillis
787 4278 883 4332 Graec.
896 4294 923 4346 p.
937 4281 1044 4332 15-17.
1070 4277 1188 4333 Brandis
1205 4281 1310 4347 quaest
1323 4274 1410 4334 Eloat
1423 4295 1450 4348 p.
1463 4282 1573 4332 tlt-7⁰.

402 4364 511 4430 Jacobs,
529 4362 688 4435 Erniehung
705 4363 755 4418 der
771 4362 907 4418 Hellenos
924 4379 973 4417 zur
984 4360 1164 4429 Sittlichlreit,
1180 4361 1274 4418 Vorm
1287 4359 1479 4419 nemineum
1489 4377 1518 4430 p.
1532 4365 1574 4416 99.
