3425 4934
351 288 410 352 168
531 280 580 335 IIL
608 278 649 334 De
667 275 821 333 Aristarffl
837 273 955 331 scientia
972 274 1150 344 antiquitatis
1165 273 1336 330 Homeritas.

349 443 427 536 λέχη
456 440 529 527 „og
557 440 589 512 d‘
616 437 662 513 ὅτ’
694 437 752 510 ἀπ’
784 435 981 526 Οὐλύμποιο
1007 439 1110 532 νέφος
1132 437 1301 528 ἔρχεταιέί,
1328 435 1398 510 ἀπὸ
1423 435 1521 525 ὅρους

349 548 511 643 σημαίνει.

430 679 520 766 Ergo
548 702 586 746 ex
611 679 674 745 hoo
695 700 790 745 versu
816 680 945 744 tantum
971 678 1132 762 expedivit
1152 681 1309 763 quantum
1329 678 1370 760 (si
1391 673 1520 763 quidem

348 788 484 857 Homeri
498 786 549 854 vel
563 785 776 875 intelligentis
790 790 906 871 poetas
926 808 995 852 esse
1014 785 1198 869 statuimus)
1221 785 1362 871 expediri
1383 789 1520 871 poterat,

348 896 402 962 hio
427 895 525 962 etiam
547 894 720 981 Olympum
745 917 765 959 a
792 892 884 959 coelo
910 892 1069 959 diversum
1091 915 1160 960 esse
1182 897 1216 959 et
1234 892 1406 979 Olympum
1428 915 1521 959 mon·

349 1008 424 1070 tem
468 1003 532 1070 Sed
553 1002 679 1087 reliqua
700 1023 767 1067 non
789 999 965 1086 expedivit,
995 1005 1033 1066 ut
1058 1000 1120 1066 sibi
1140 1000 1345 1068 satisfaceret.
1387 1002 1440 1068 Ad
1460 1008 1521 1071 365

348 1112 428 1178 haee
442 1109 595 1197 legimus:
617 1113 689 1188 πῶς
703 1100 862 1193 αἰθέρος,·
886 1105 927 1172 τὰ
943 1103 1005 1191 γὰρ
1021 1100 1121 1194 πάθη
1137 1110 1242 1172 ταῦτα
1263 1104 1341 1192 περί
1358 1105 1417 1174 τὸν
1438 1101 1522 1191 ἀέρα

349 1214 564 1304 συμβέβηκεν.
603 1209 689 1296 τοίχα
716 1205 775 1282 οδν
795 1217 961 1300 σογχεῖται
987 1208 1005 1280 ὁ
1031 1205 1097 1300 ἀὴρ
1122 1212 1208 1297 πρὸς
1232 1211 1288 1281 τὸν
1309 1208 1449 1300 αἰθέρα,
1477 1210 1523 1294 ὡς

350 1324 407 1393 καί
428 1322 464 1391 ἐν
483 1327 525 1416 τῇ
542 1326 582 1389 Λ
595 1326 661 1409 (54)
683 1321 826 1407 ,αἵματι
846 1318 1017 1405 μυδαλέας
1038 1319 1077 1402 ἐξ
1093 1315 1257 1407 αἰθέροςμ
1278 1321 1335 1389 καί
1355 1321 1465 1403 ,,Ζεὺς
1486 1318 1519 1389 δ’

349 1427 438 1514 ἔλαχ’
461 1425 603 1520 οὐρανὸν
624 1423 719 1517 εδρδν
741 1426 777 1496 ἰν
797 1421 915 1514 αἰθέρι
934 1427 992 1495 καί
1012 1427 1208 1517 νεφέεσσιν(
1229 1432 1376 1516 (0192)·
1397 1424 1436 1497 οὗ
1459 1429 1520 1516 γὰρ

351 1537 387 1608 αἰ
415 1535 553 1627 νεφέλαι
580 1534 615 1602 έν
638 1540 685 1623 τῷ
711 1530 828 1620 αἰθέρι
849 1537 945 1621 (ΑΒ).
991 1537 1063 1605 Nisi
1085 1540 1195 1606 omnia
1215 1561 1266 1605 ms
1288 1538 1417 1618 fallunt,
1441 1540 1521 1605 haeo

351 1647 498 1733 exempla
527 1668 594 1712 non
618 1649 696 1713 sunt
726 1646 767 1712 ab
795 1646 983 1712 Aristarcho
1012 1646 1081 1731 (qui
1108 1648 1257 1714 subtilior
1278 1650 1347 1713 erat
1368 1670 1464 1732 quam
1484 1651 1522 1712 ut

349 1757 413 1823 illis
442 1778 536 1822 usum
555 1752 786 1820 vocabulorum
811 1754 852 1819 ab
874 1755 946 1840 ipso
968 1754 1173 1821 observatum
1193 1755 1373 1821 necessario
1394 1759 1522 1841 pertur-

349 1864 419 1930 bari
446 1863 602 1945 crederet)
629 1861 686 1927 sed
713 1861 871 1928 debentur
897 1861 1072 1948 discipulis.
1123 1860 1196 1948 Ipse
1228 1866 1355 1928 tuntum
1385 1862 1521 1929 dixerat:

351 1966 403 2036 ὅτι
430 1969 524 2035 δοκεῖ
546 1972 743 2053 συγχεῖσθαι
773 1962 792 2035 ὁ
819 1960 885 2055 οἰὴρ
911 1965 995 2054 πρὸς
1017 1966 1075 2036 τὸν
1101 1962 1244 2054 αἰθέρα,
1277 1993 1359 2056 quae
1385 1992 1448 2037 vox
1473 1974 1523 2037 est

350 2078 559 2166 desperantis.
587 2076 710 2143 Mansit
722 2076 813 2143 loeus
834 2077 870 2142 in
890 2077 1159 2158 „insolubilibus‘t
1187 2077 1331 2146 Nicanor
1344 2080 1403 2144 sic:
1422 2080 1521 2145 τοῦτο

349 2182 519 2271 ἑκατέροις
540 2176 678 2251 δύναται
698 2182 952 2270 προσδίδοσθαι
975 2189 1030 2269 (se.
1045 2178 1186 2269 αἰθέρος
1206 2182 1244 2251 tn
1265 2179 1364 2273 δίης)·
1385 2184 1423 2251 τὸ
1442 2182 1522 2269 μέν·

348 2317 404 2360 τοι
426 2292 553 2381 ζήτημα
576 2287 703 2375 ὁμοίιος
722 2287 830 2375 μένει·
860 2285 961 2377 οἰέρος
986 2291 1047 2377 γὰρ
1076 2285 1177 2380 πάθη
1203 2295 1315 2361 ταῦτα.
1353 2285 1438 2374 τοίχα
1465 2284 1523 2360 οὖν

350 2404 457 2467 κεῖται
479 2396 498 2466 ὁ
520 2393 627 2487 αἰθὴρ
650 2392 724 2465 οἰιτί
743 2402 804 2468 τοῦ
824 2393 933 2485 δέρος.
970 2401 1120 2469 Ceterum
1134 2424 1194 2467 neo
1207 2401 1304 2468 hodie
1319 2402 1415 2468 solvit
1436 2403 1522 2489 quis·

351 2532 448 2597 quam
461 2510 546 2575 huno
561 2509 784 2594 quaestionem
799 2532 859 2576 nso
873 2510 978 2577 solvet
992 2509 1081 2576 olim.
1116 2508 1152 2576 Si
1167 2510 1296 2595 quidem
1315 2511 1522 2576 statuendum

351 2621 401 2684 est
415 2617 516 2684 ullum
531 2618 657 2702 antiqui
671 2617 754 2684 ratis
772 2618 806 2682 in
820 2617 872 2683 his
886 2619 991 2685 inesse
1006 2618 1187 2705 vestigium,
1207 2617 1351 2703 suspicer
1363 2617 1398 2683 in
1419 2616 1522 2685 altero

350 2749 445 2796 versu
465 2725 565 2792 fuisso
579 2717 717 2809 αἰγίδος
737 2720 776 2790 ἐκ
798 2718 871 2811 δίης
892 2727 931 2807 (r.
953 2727 986 2789 A
1009 2729 1079 2808 167)
1091 2725 1142 2789 ¹⁰⁶.

432 2850 530 2918 Nune
555 2851 793 2936 (praeterquam
819 2849 908 2935 quod
933 2870 999 2915 non
1027 2850 1140 2916 dieunt
1162 2849 1303 2917 'omnino
1330 2851 1386 2936 qui
1413 2851 1521 2918 locum

349 2960 404 3025 hio
417 2959 537 3026 habeat
551 2949 703 3041 οὐρανός)
718 2956 881 3043 explicant
895 2949 1036 3041 αἰθέρος
1050 2952 1088 3021 ia
1110 2951 1183 3045 δίης
1203 2979 1260 3040 „ex
1273 2956 1365 3024 coelo
1381 2965 1521 3026 sereno“.

352 3068 447 3145 Quod
466 3066 582 3132 falsum
601 3069 659 3132 est.

269 3208 341 3278 (ιιι)
434 3190 518 3256 Vide
547 3212 689 3257 convexa
714 3190 795 3257 ooeli
821 3190 963 3257 nubibus
984 3193 1151 3278 cooperta,
1176 3191 1229 3257 hie
1249 3191 1341 3257 locus
1363 3192 1420 3278 qui
1440 3192 1525 3258 infra

352 3301 455 3365 nubes
477 3302 527 3365 est
547 3299 676 3386 proprie
698 3298 815 3365 dieitur
836 3290 917 3383 ἀήρ;
940 3298 996 3384 qui
1009 3298 1096 3364 ultra
1111 3299 1214 3366 nuber
1230 3291 1384 3384 οὐρανόςε
1405 3302 1525 3368 sensim

302 3467 307 3478 .
351 3407 402 3474 fao
423 3406 536 3473 nubila
556 3406 731 3473 disturbari
752 3410 786 3473 et
804 3405 933 3473 caerula
953 3427 1123 3493 apparere;
1143 3406 1208 3472 iam

677 3532 784 3619 aspice
805 3531 868 3598 hoo
889 3530 1028 3598 sublime
1049 3530 1199 3613 candens,

350 3657 405 3722 hio
431 3659 482 3723 est
506 3649 629 3743 οἰθήρε
666 3657 722 3742 qui
745 3655 886 3723 nubibus
910 3656 1051 3724 disiectis
1080 3658 1231 3743 erumpit,
1256 3658 1344 3744 quod
1364 3658 1525 3724 Homerus

289 3785 337 3839 τεο
355 3766 433 3831 dicit
457 3755 625 3852 ὖπερροίχη
651 3756 797 3841 ι’ίσνιετος
822 3756 929 3850 αἰθήρ
960 3766 1081 3833 (9558.
1115 3767 1155 3828 Π
1172 3770 1242 3835 300.
1281 3765 1345 3845 Qui
1372 3766 1400 3832 si
1425 3765 1524 3833 nullis

352 3873 493 3941 nubibus
512 3877 617 3941 tectus
640 3878 698 3953 est,
720 3873 869 3940 homines
891 3876 967 3940 sunt
987 3866 1043 3937 ὑπ’
1067 3865 1195 3957 αἰθέρι,
1217 3876 1246 3937 P
1264 3879 1338 3942 371:

477 3992 509 4063 oi
531 3990 564 4063 δ’
587 3989 688 4063 ίίλλοι
712 3999 824 4081 Τρῶες
844 3994 902 4064 καί
922 3989 1118 4085 ἐϋκνήμιδες
1135 3990 1266 4079 Ἀχαιοί

477 4098 612 4193 εἰίκηλοι
633 4101 817 4189 πολέμιζον
837 4098 894 4172 ὑπ’
917 4099 1047 4192 αἰθέρι·
1069 4102 1221 4172 πέπτατο
1244 4097 1276 4171 δ’
1301 4098 1384 4192 αὐγὴ

354 4264 561 4273 —--—-—-—·

422 4345 460 4387 ¹⁰⁶
478 4342 532 4399 Pro
550 4335 676 4413 οδρανδν
693 4333 764 4399 εἰσιν
782 4339 930 4413 epitheton
946 4340 1065 4413 Olympi
