3425 4934
345 328 386 392 92
437 321 472 378 Π.
491 318 532 376 De
549 318 731 377 Aristarchee
746 319 945 376 vocabulorum
961 319 1170 377 Homericorum
1186 320 1425 393 interpretatione.

345 481 449 553 πάλιν
476 476 569 565 αὖτις
594 487 688 554 aliter
716 488 837 554 dictum
861 492 959 573 atque
986 489 1016 551 Ε
1034 494 1095 557 257
1123 492 1156 554 et
1182 488 1273 555 alibi:
1301 512 1387 554 nunc
1413 488 1516 555 Ther·

346 599 423 663 sites
447 619 506 682 per
522 594 650 663 Ulixem
673 617 839 680 repressus
861 600 923 679 est,
943 617 1003 660 nec
1023 598 1110 661 retro
1131 618 1241 662 rursus
1263 619 1337 662 eum
1363 596 1516 661 immittet

345 705 472 770 animus
492 703 592 772 ferox.
632 701 696 770 Sed
716 702 798 768 illud
820 707 967 788 superest
988 703 1075 788 quod
1096 704 1284 770 nomnium.
1327 703 1516 770 Observavit

345 810 550 878 Aristarchus
585 808 729 876 fabulam
764 810 804 876 de
836 810 978 890 Graecis,
1017 814 1191 896 antequam
1223 832 1312 876 oram
1342 810 1516 877 Troianam

344 923 529 1005 tangerent,
558 918 593 982 in
617 917 754 1003 Mysiam
782 916 823 982 ed
850 916 1030 1004 Telephum
1057 917 1172 984 delatis
1200 917 1343 985 Homero
1370 918 1516 1004 ignotam

263 1026 335 1098 (101)
348 1048 426 1093 esse.
463 1025 629 1112 Originem
650 1045 725 1090 vero
747 1024 918 1111 fingendae
938 1023 1067 1091 fabulae
1088 1025 1214 1110 putavit
1233 1025 1465 1110 posterioribus
1480 1027 1515 1091 in

345 1132 487 1199 Homero
508 1131 616 1212 fuisse,
638 1153 712 1196 cum
733 1131 822 1197 illam
842 1130 980 1196 Achillis
1002 1132 1182 1198 orationem

197 1290 204 1320 ,
296 1238 329 1290 9²
624 1240 681 1302 νῦν
702 1230 792 1320 άμμε
812 1235 1155 1322 malepotentium
1175 1232 1238 1304 ὀΐω

427 1339 481 1433 liu)
501 1337 743 1432 ἀπονοστήσειν

345 1455 551 1521 Homericam
563 1452 713 1520 vocabuli
728 1453 794 1519 vim
807 1453 994 1539 ignorantes
1016 1453 1238 1540 intelligerent
1257 1455 1391 1534 „iterum
1410 1477 1516 1521 erran·

344 1565 417 1628 test
453 1565 491 1626 A
512 1567 552 1629 59
579 1555 611 1647 (ἡ
644 1558 762 1646 διπλῆ)
788 1556 875 1643 πρὸς
897 1556 960 1645 τὴν
987 1562 1053 1624 τῶν
1079 1557 1246 1645 νεωτέρων
1272 1556 1437 1646 ἱστορίαν,
1461 1558 1516 1627 ὅτι

344 1664 498 1733 ἐντεῦθεν
532 1664 593 1754 τὴν
622 1663 706 1732 κατὰ
738 1659 876 1732 Μυσίαν
910 1660 1058 1752 ἱστορίαν
1088 1662 1238 1735 ἔπλασαν
1267 1670 1341 1756 <pro
1369 1663 1517 1753 ἱστορίαν

344 1768 494 1841 ἔπλασαν
507 1774 734 1843 Friedlaender
753 1770 929 1864 ίφόρμισιν
945 1768 1019 1841 rint
1036 1777 1088 1843 vel
1102 1777 1167 1844 tale
1191 1776 1268 1864 quid
1290 1778 1516 1864 corrigendum

345 1905 414 1951 esse
437 1883 581 1963 coniecit
602 1877 775 1967 στρατείαν
795 1876 868 1948 tut.
891 1880 1011 1968 Haupt.
1033 1907 1142 1969 opusc.
1161 1883 1208 1951 ΠΙ
1229 1908 1261 1970 p.
1283 1888 1369 1969 645>

877 2309 984 2396 Τάχα

344 2492 505 2555 ιιιωιριιαινι
525 2469 684 2555 eripmflcat
703 2468 855 2554 fortasse,
879 2467 938 2533 aed
956 2469 1071 2553 αίιίσιιο
1091 2469 1238 2552 tempora
1258 2465 1441 2533 αάοανίνιὶωα
1461 2482 1515 2535 cat.

428 2633 501 2701 Sch.
517 2632 614 2720 Vulg.
634 2656 656 2696 α
669 2641 728 2702 251
745 2626 826 2720 αὕτη
845 2626 867 2721 ἡ
889 2628 979 2713 λέξις
1000 2627 1038 2699 οὐ
1060 2625 1195 2698 τίθεται
1216 2631 1309 2715 παρὰ
1327 2635 1374 2717 τῷ
1392 2636 1517 2722 ποιητῇ

348 2742 565 2817 διστακτικιῦς
578 2738 624 2819 αἱς
645 2736 680 2805 ἐν
698 2742 738 2830 τῇ
759 2734 932 2829 σννηθείᾳ,
954 2732 1027 2804 ἀλλ’
1049 2732 1203 2806 ἑκάστοτε
1218 2731 1290 2804 άντὶ
1309 2742 1368 2805 τοῦ
1381 2735 1514 2819 ταχέως.

347 2849 549 2916 Aristonicus
572 2844 604 2913 Ξ
615 2854 634 2917 8
656 2842 688 2935 (ἡ
705 2846 821 2936 διπλῆ)
844 2844 897 2914 ὅτι
910 2845 949 2913 τὸ
963 2842 1048 2927 τάχα
1069 2840 1142 2913 cirri
1161 2850 1221 2912 τοῦ
1240 2845 1372 2927 ταχέως.
1406 2846 1515 2913 Incer-

347 2961 417 3022 tum
432 2978 472 3023 er
485 2956 537 3021 his
550 2956 683 3022 minutis
703 2954 849 3042 reliquiis
871 2955 934 3021 hoc
955 2956 1053 3022 etiam
1074 2958 1114 3022 ab
1136 2955 1388 3023 cointellectum
1408 2955 1515 3032 fuerit,

347 3086 474 3149 semper
508 3064 689 3151 significare
724 3064 848 3143 „mox“‚
883 3086 1049 3149 nunquam
1083 3063 1192 3145 „cito“.
1241 3062 1406 3148 Frequens
1437 3085 1515 3130 usus

346 3170 584 3250 minitantibus,
614 3176 651 3237 ut
680 3163 750 3251 τάχ’
780 3163 888 3237 ε’ίσεαι
912 3192 1005 3251 „mox
1032 3170 1169 3237 senties“
1194 3174 1227 3237 et
1257 3169 1375 3235 similia
1404 3170 1514 3236 multa.

346 3277 463 3343 Pulcer
495 3277 666 3364 variusque
691 3278 841 3345 vocabuli
872 3301 949 3344 usus
976 3282 1106 3344 nostrae
1133 3277 1309 3363 particulae
1335 3276 1515 3344 simillimus

346 3384 462 3451 leniter
489 3385 553 3451 huc
577 3386 656 3452 illuc
683 3385 828 3452 inflexus
873 3387 907 3448 Ψ
926 3391 987 3454 606
1015 3376 1053 3450 οὗ
1080 3377 1141 3467 γάρ
1169 3379 1225 3450 κέν
1252 3405 1295 3466 με
1318 3376 1386 3463 τάχ’
1414 3376 1517 3461 sitlos

348 3484 428 3578 ἀνὴρ
455 3488 658 3574 παρέπεισεν
682 3485 838 3574 Ἀχαιῶν,
867 3492 955 3578 quod
980 3514 1040 3558 nos
1066 3493 1201 3558 dicimus
1226 3491 1334 3572 „nicht
1359 3513 1396 3558 so
1417 3491 1517 3570 beld“‚

345 3598 452 3666 Latini
477 3621 582 3686 aegre,
607 3600 694 3666 haud
721 3601 822 3669 facile.
868 3604 908 3665 A
929 3605 990 3669 654
1011 3590 1095 3679 τάχα
1119 3622 1176 3664 κεν
1202 3595 1259 3665 καί
1285 3591 1437 3665 άναίτιον
1462 3592 1516 3662 αἱ·

345 3698 467 3792 τιόρντο
502 3707 596 3774 facile
631 3709 787 3790 (videmus
821 3712 860 3774 ut
894 3707 1050 3794 gliscente
1085 3712 1230 3793 tempore
1264 3706 1446 3793 pervenerit
1475 3705 1516 3771 ed

346 3818 494 3881 nostrum
515 3814 724 3899 „vielleicht“)
746 3815 845 3881 etiam
867 3817 1073 3882 innocentem
1093 3815 1295 3884 incusaverit
1331 3815 1377 3882 cf.
1399 3817 1430 3880 B
1444 3819 1516 3884 373.

348 3925 383 3985 H
407 3929 474 3992 158.
513 3926 552 3987 Π
570 3930 620 3990 71.
642 3929 711 3991 617.
745 3922 831 3989 Hinc
851 3915 920 4003 τάχ’
943 3916 1087 4005 ἔμελλεν.
1123 3927 1206 3991 Ζ52
1227 3919 1285 3989 καί
1305 3921 1348 4010 δή
1364 3945 1425 4006 μιν
1445 3914 1514 4002 τάχ’

347 4023 465 4113 ἔμελλε
479 4027 569 4109 θοὰς
590 4025 648 4095 ἐπὶ
668 4032 749 4120 νῆας
758 4022 903 4110 Ἀχαιῶν
924 4024 1043 4096 δώσειν
1064 4018 1093 4116 ᾧ
1112 4024 1300 4114 θεράποντι
1321 4025 1516 4112 καταξέμεν·

348 4130 419 4201 ἀλλ’
432 4129 649 4222 Ἀγαμέμνων
668 4130 781 4216 άντίος
801 4127 889 4227 ἦλθε
902 4132 995 4204 θέων
1009 4139 1102 4222 „bald
1116 4138 1207 4204 heere
1222 4160 1257 4203 er
1270 4137 1327 4203 ihn
1341 4139 1516 4224 gegeben“.

348 4244 394 4311 cf.
423 4268 434 4308 ι
465 4251 533 4315 378.
577 4249 615 4310 Λ
642 4252 709 4314 181.
750 4247 784 4309 Ψ
813 4252 883 4315 773.
913 4282 953 4295 —-
984 4245 1090 4311 Fecile
1115 4247 1285 4326 sentimus,
1320 4246 1397 4330 quid
1433 4244 1517 4313 dicat

348 4351 489 4420 Achilles
509 4353 746 4437 Agamemnoni
766 4354 877 4434 batus,
896 4356 935 4417 A
954 4359 1029 4422 204:
