3425 4934
385 309 443 370 112
469 303 503 355 IL
530 299 571 355 De
587 299 765 355 Aristarcheu
782 297 980 355 vocabulorum
998 298 1208 355 Homericorum
1225 298 1466 370 interpretatione.

383 464 436 534 ότι
463 463 521 533 ἐπὶ
546 459 788 551 βαρβάρωνντδ
817 460 980 532 ἐπίθετον
1004 460 1149 551 τίθησιν.
1194 466 1330 533 Subtilis
1362 465 1554 544 observatio,

384 599 578 662 quamquam
599 574 735 641 fortasse
757 575 886 641 adrem
908 573 1138 660 expediendam
1159 598 1226 642 non
1248 575 1327 640 setis
1347 574 1451 639 firma:
1478 593 1553 637 nom

381 688 510 767 praeter
535 683 596 749 hos
625 684 706 748 duos
733 683 824 749 locos
857 687 891 749 et
921 688 1088 768 praeterea
1114 705 1216 749 unum
1243 685 1286 764 (Σ
1310 686 1368 750 122
1394 675 1454 745 καί
1479 700 1553 743 τινα

386 783 568 873 Τρωϊάδων
595 787 653 854 καί
678 785 900 874 Δαρδανίδων
924 783 1166 874 βαθυκόλπων)
1198 812 1274 856 sane
1301 812 1367 856 non
1396 788 1555 875 reperitur

381 898 416 962 in
437 897 626 964 Homericis,
661 897 725 964 Sed
746 898 862 963 iamin
882 898 1010 984 hymnis
1031 899 1212 985 promiscue
1232 899 1345 964 haberi
1367 897 1449 963 nihil
1471 895 1556 961 velet

382 1010 495 1071 contra
520 1006 750 1072 Aristarchum.
796 1005 879 1072 Veu.
907 1012 968 1073 257
998 1005 1140 1095 Νόμφαι
1169 1029 1229 1089 μιν
1261 1003 1453 1094 θρέψουσιν
1478 995 1553 1086 όρε·

382 1116 487 1199 οκῷοι
504 1104 734 1197 βαθύκολποι.

921 1368 1021 1430 Γαῖα

820 1541 935 1581 maneos
956 1530 986 1581 et
1001 1517 1110 1603 pedes.

469 1680 502 1741 Ψ
525 1686 585 1748 627
615 1672 653 1744 οό
683 1677 745 1763 γὰρ
778 1673 820 1744 ἔτ’
851 1676 982 1762 ἔμπεδα
1008 1685 1101 1766 μυῖα,
1130 1678 1243 1771 φίλος,
1276 1672 1381 1757 πόδες
1406 1671 1479 1743 οὐδ’
1506 1672 1556 1741 ἔτι

373 1789 485 1870 ’χεῖρες
505 1778 605 1868 όίμων
622 1777 868 1876 ἀμφοτέρωθεν
882 1785 1101 1856 ἐπαΐσσονται
1122 1782 1285 1879 ἐλαφραί·
1305 1782 1338 1874 (ἡ
1363 1785 1482 1874 διπλῆ)
1504 1781 1556 1850 ὅτι

382 1887 608 1980 ἕπεξηγήσατο
636 1892 695 1982 τὴν
726 1889 857 1977 ἔμπεδα
883 1900 958 1982 γυῖα
990 1895 1088 1978 λέξιν.
1137 1898 1267 1966 Scilicet
1293 1891 1346 1961 ὅτι
1370 1889 1476 1973 πόδες
1500 1891 1558 1959 καί

301 2019 371 2089 (120)
388 2004 501 2086 χεῖρες.
539 2001 632 2068 Unde
654 2025 712 2089 pro
734 2007 843 2090 spurio
865 2007 996 2093 agnitus
1017 2030 1126 2073 versus
1148 2008 1179 2071 Ω
1201 2014 1274 2075 514:
1295 1997 1398 2086 αὐτὰρ
1420 1998 1558 2086 ἐπείρα

384 2103 478 2192 γόοιο
506 2105 686 2197 τετάρπετο
718 2112 791 2191 δῖος
817 2107 999 2195 Ἀχιλλεύς,
1031 2110 1089 2179 καί
1117 2108 1149 2179 oi
1175 2106 1245 2179 ἀπὸ
1268 2107 1449 2199 πραπίδων
1469 2102 1554 2199 ἦλθ’

382 2216 496 2303 λ’μερος
516 2212 574 2306 ἥδ’
598 2212 667 2285 ἀπὸ
690 2215 807 2305 ysicus:
838 2214 1025 2288 ἆθετεῖται·
1051 2217 1249 2310 προείρηται
1272 2218 1335 2306 γὰρ
1357 2215 1479 2299 ἱκαναῖς
1499 2217 1558 2284 διὰ

382 2329 441 2391 τοῦ
466 2320 596 2411 ,,αότὰρ
625 2324 702 2393 ἐπεί
727 2332 770 2415 ῥα
796 2325 926 2413 γόοιοίί.
961 2329 1019 2396 καί
1046 2323 1177 2415 ἆκόρως
1202 2327 1355 2397 τέθειται
1382 2327 1420 2395 τδ
1442 2322 1557 2414 μαίων·

384 2427 501 2519 οὐγὰρ
518 2429 623 2514 οότως
642 2432 732 2522 λέγει
751 2431 863 2503 πάντα
883 2437 926 2503 τὰ
945 2435 1040 2528 μέλη,
1061 2433 1149 2505 ἀλλὰ
1168 2435 1272 2521 μόνον
1291 2436 1352 2517 τὰς
1369 2439 1482 2522 χεῖρας
1501 2433 1559 2503 καὶ

382 2540 461 2621 τοὺς
483 2536 602 2622 πόδας.
637 2545 719 2611 Mihi
748 2547 828 2614 haec
854 2549 1021 2615 verissime
1046 2550 1203 2615 videntur.
1254 2547 1298 2614 Et
1322 2546 1452 2632 quidem
1477 2544 1556 2613 haec

384 2653 531 2718 vocabuli
547 2657 665 2719 ustura
683 2659 733 2720 est
753 2660 791 2720 ut
811 2679 897 2722 nunc
916 2660 1022 2741 χεῖρες
1043 2661 1076 2721 et
1097 2648 1201 2735 πόδες
1222 2656 1418 2738 (brachiaet
1439 2657 1557 2741 genus)

384 2760 493 2842 simul,
521 2784 607 2827 nunc
637 2763 826 2829 ultemtrum
854 2764 994 2851 intelligi
1021 2765 1136 2851 possit:
1174 2765 1262 2851 quod
1295 2765 1442 2830 similiter
1465 2765 1504 2828 fit
1522 2765 1556 2828 in

382 2870 540 2935 vocabulo
560 2869 654 2956 μῆλα
676 2861 766 2954 αἶγες
785 2876 819 2937 et
841 2862 917 2949 οἶες.
955 2872 993 2938 ln
1007 2873 1071 2939 hoc
1085 2897 1213 2958 quoque
1228 2872 1384 2939 vocabulo
1404 2872 1557 2936 admone·

383 2999 456 3041 mur
477 3001 573 3062 quam
591 3001 720 3044 mances
741 2979 917 3047 habeamus
932 2983 1111 3047 Aristarchi
1131 2985 1235 3047 notus.
1270 2977 1356 3045 Nam
1370 2978 1478 3044 necin
1500 2977 1556 3043 illo

383 3105 485 3163 versu,
506 3086 562 3149 ubi
584 3091 633 3151 est
654 3090 730 3169 γυῖα
752 3087 868 3153 ποδῶν
882 3089 1061 3155 Aristarchi
1082 3093 1162 3154 nota
1182 3089 1224 3153 sd
1243 3087 1328 3152 hanc
1348 3109 1417 3152 rem
1436 3086 1557 3151 inciens

384 3196 510 3256 servata
525 3196 647 3259 estnec
668 3195 703 3260 in
725 3196 797 3261 aliis
820 3198 1013 3281 quibusdam
1035 3201 1069 3262 et
1088 3198 1168 3282 ipsis
1189 3196 1267 3261 setis
1290 3195 1447 3279 expressis
1470 3198 1503 3259 et
1517 3194 1556 3258 sd

385 3298 667 3366 demonstrandum
694 3304 877 3387 aptissimis.
916 3305 966 3369 De
996 3297 1165 3389 όμφίγυος
1189 3308 1298 3369 tamen
1319 3303 1390 3368 vide
1412 3302 1556 3367 Ariston.

384 3410 420 3468 N
434 3414 501 3473 147.
535 3407 585 3473 De
608 3401 811 3498 ἀμφιγυήεις
832 3413 879 3494 (et
894 3410 958 3477 hoc
980 3412 1110 3496 quidem
1132 3432 1202 3476 esse
1224 3403 1383 3497 ἀμφίχειρ
1406 3431 1468 3495 ego
1490 3430 1556 3474 non

385 3514 511 3597 dubito)
544 3516 622 3600 quid
652 3520 788 3585 senserit
818 3519 986 3584 nescimus.
1013 3557 1053 3566 -
1078 3515 1175 3584 Nunc
1208 3516 1447 3584 Nitnschius⁶⁰¹
1472 3515 1557 3580 hunc

319 3640 367 3692 113
386 3643 496 3687 vocem
511 3623 622 3709 attigit
643 3627 682 3691 ad
698 3627 756 3693 Od.
772 3650 792 3691 κ
807 3632 877 3696 363.
913 3625 976 3705 Qui
997 3630 1169 3711 postquem
1189 3625 1279 3691 illem
1301 3647 1398 3710 quam
1419 3624 1556 3690 diximus

385 3730 655 3818 significationem
679 3734 764 3819 apud
785 3734 965 3800 Homerum
989 3734 1174 3819 praevalere
1195 3733 1355 3798 concessit
1375 3732 1555 3797 admonuit-

386 3861 448 3922 que
470 3840 567 3905 etiam
587 3842 673 3927 apud
693 3847 840 3927 posteros
861 3841 953 3908 nulls
973 3847 1079 3908 aetate
1101 3864 1170 3908 eam
1190 3863 1322 3925 prorsus
1345 3840 1488 3923 deficere,
1510 3840 1555 3904 sie
1591 3824 1600 3837 ’

384 3947 504 4031 pergit:
529 3947 828 4036 „Demuugeechtet
847 3950 923 4015 thut
945 3951 1022 4035 jene
1043 3949 1270 4033 Bestimrnung
1290 3971 1328 4013 zu
1349 3947 1421 4015 vicl.
1462 3947 1555 4012 Auch

386 4053 439 4119 bei
459 4053 583 4120 Homer
608 4057 714 4122 wfirde
744 4080 819 4123 man
845 4058 894 4124 os
919 4082 957 4122 zu
988 4057 1067 4123 steif
1085 4057 1135 4122 die
1153 4056 1408 4142 Beschrfinhung
1428 4055 1487 4121 auf
1505 4055 1554 4120 die

450 4292 494 4333 ὅθεν
513 4290 578 4362 <Oui
594 4289 768 4361 gravioribus
786 4290 821 4345 de
840 4291 922 4345 rebus
941 4292 1091 4347 assentitur
1109 4292 1145 4346 M.
1158 4292 1256 4345 Heeht.
1276 4291 1381 4360 quaest
1397 4288 1477 4346 Hom.
1496 4294 1553 4359 p.5

384 4392 445 4444 sqq.
462 4374 549 4430 fusim
567 4375 602 4429 de
620 4391 688 4430 voce
706 4382 774 4444 γυῖα
791 4375 950 4443 disserens.)
