<?xml version="1.0" encoding="UTF-8"?>
<!DOCTYPE html PUBLIC "-//W3C//DTD XHTML 1.0 Transitional//EN"
    "http://www.w3.org/TR/xhtml1/DTD/xhtml1-transitional.dtd">
<html xmlns="http://www.w3.org/1999/xhtml" xml:lang="en" lang="en">
 <head>
  <title>
</title>
<meta http-equiv="Content-Type" content="text/html;charset=utf-8" />
  <meta name='ocr-system' content='tesseract 3.04.00' />
  <meta name='ocr-capabilities' content='ocr_page ocr_carea ocr_par ocr_line ocrx_word'/>
</head>
<body>
  <div class='ocr_page' id='page_1' title='image "./dearistarchistu00ludwgoog_0353.png"; bbox 0 0 3425 4934; ppageno 0'>
   <div class='ocr_carea' id='block_1_1' title="bbox 635 354 1357 433">
    <p class='ocr_par' dir='ltr' id='par_1_1' title="bbox 635 354 1357 433">
     <span class='ocr_line' id='line_1_1' title="bbox 635 354 1357 433; baseline 0.019 -24"><span class='ocrx_word' id='word_1_1' title='bbox 635 360 658 433; x_wconf 80' lang='lat'>¹:</span> <span class='ocrx_word' id='word_1_2' title='bbox 681 354 721 410; x_wconf 87' lang='lat' dir='ltr'>De</span> <span class='ocrx_word' id='word_1_3' title='bbox 738 355 917 412; x_wconf 73' lang='lat' dir='ltr'>athetesibus.</span> <span class='ocrx_word' id='word_1_4' title='bbox 1298 359 1357 423; x_wconf 83' lang='lat'>331</span> 
     </span>
    </p>
   </div>
   <div class='ocr_carea' id='block_1_2' title="bbox 189 538 1393 2032">
    <p class='ocr_par' dir='ltr' id='par_1_2' title="bbox 189 538 1393 2032">
     <span class='ocr_line' id='line_1_2' title="bbox 191 538 1362 633; baseline -0.003 -22"><span class='ocrx_word' id='word_1_5' title='bbox 191 538 350 629; x_wconf 80' lang='grc' dir='ltr'><strong><em>ἐμάχοντο</em></strong></span> <span class='ocrx_word' id='word_1_6' title='bbox 374 541 496 613; x_wconf 68' lang='grc' dir='ltr'><strong><em>νέεσσι·</em></strong></span> <span class='ocrx_word' id='word_1_7' title='bbox 522 541 554 633; x_wconf 77' lang='grc' dir='ltr'>(ἡ</span> <span class='ocrx_word' id='word_1_8' title='bbox 581 545 696 633; x_wconf 79' lang='grc' dir='ltr'><strong><em>διπλῆ)</em></strong></span> <span class='ocrx_word' id='word_1_9' title='bbox 725 543 779 614; x_wconf 82' lang='grc' dir='ltr'>ὅτι</span> <span class='ocrx_word' id='word_1_10' title='bbox 799 543 836 612; x_wconf 80' lang='grc' dir='ltr'><strong><em>ἐκ</em></strong></span> <span class='ocrx_word' id='word_1_11' title='bbox 862 540 979 612; x_wconf 88' lang='grc' dir='ltr'><strong><em>τούτου</em></strong></span> <span class='ocrx_word' id='word_1_12' title='bbox 1003 540 1234 611; x_wconf 77' lang='grc' dir='ltr'><strong><em>διεσκεύασται</em></strong></span> <span class='ocrx_word' id='word_1_13' title='bbox 1258 539 1276 608; x_wconf 85' lang='grc' dir='ltr'><strong><em>δ</em></strong></span> <span class='ocrx_word' id='word_1_14' title='bbox 1302 548 1362 632; x_wconf 75' lang='grc' dir='ltr'>τῆς</span> 
     </span>
     <span class='ocr_line' id='line_1_3' title="bbox 189 647 1359 742; baseline 0.001 -23"><span class='ocrx_word' id='word_1_15' title='bbox 189 647 400 735; x_wconf 74' lang='grc' dir='ltr'><strong><em>τειχομαχίας</em></strong></span> <span class='ocrx_word' id='word_1_16' title='bbox 428 648 538 733; x_wconf 81' lang='grc' dir='ltr'><strong><em>στίχος</em></strong></span> <span class='ocrx_word' id='word_1_17' title='bbox 567 649 694 734; x_wconf 70' lang='lat' dir='ltr'>„ditos</span> <span class='ocrx_word' id='word_1_18' title='bbox 723 647 755 718; x_wconf 75' lang='grc' dir='ltr'>δ’</span> <span class='ocrx_word' id='word_1_19' title='bbox 790 647 873 742; x_wconf 77' lang='grc' dir='ltr'>ἀμφ’</span> <span class='ocrx_word' id='word_1_20' title='bbox 906 647 1027 740; x_wconf 84' lang='grc' dir='ltr'><strong><em>άλλῃσι</em></strong></span> <span class='ocrx_word' id='word_1_21' title='bbox 1058 647 1165 739; x_wconf 84' lang='grc' dir='ltr'><strong><em>μάχην</em></strong></span> <span class='ocrx_word' id='word_1_22' title='bbox 1199 647 1359 736; x_wconf 82' lang='grc' dir='ltr'><strong><em>ἐμάχοντο</em></strong></span> 
     </span>
     <span class='ocr_line' id='line_1_4' title="bbox 190 754 1361 849; baseline -0.001 -23"><span class='ocrx_word' id='word_1_23' title='bbox 190 757 371 849; x_wconf 78' lang='grc' dir='ltr'><strong><em>πάλῃσιν“,</em></strong></span> <span class='ocrx_word' id='word_1_24' title='bbox 395 765 440 824; x_wconf 87' lang='grc' dir='ltr'><strong><em>Μ</em></strong></span> <span class='ocrx_word' id='word_1_25' title='bbox 461 770 531 830; x_wconf 84' lang='lat'>175:</span> <span class='ocrx_word' id='word_1_26' title='bbox 560 787 624 849; x_wconf 94' lang='lat' dir='ltr'>quo</span> <span class='ocrx_word' id='word_1_27' title='bbox 646 763 718 828; x_wconf 89' lang='lat' dir='ltr'>loco</span> <span class='ocrx_word' id='word_1_28' title='bbox 740 763 785 829; x_wconf 85' lang='lat' dir='ltr'>sic</span> <span class='ocrx_word' id='word_1_29' title='bbox 808 763 934 829; x_wconf 76' lang='lat' dir='ltr'>scribit:</span> <span class='ocrx_word' id='word_1_30' title='bbox 963 754 1033 826; x_wconf 76' lang='grc' dir='ltr'>ἀπὸ</span> <span class='ocrx_word' id='word_1_31' title='bbox 1055 756 1173 827; x_wconf 89' lang='grc' dir='ltr'><strong><em>τούτου</em></strong></span> <span class='ocrx_word' id='word_1_32' title='bbox 1194 813 1201 827; x_wconf 94' lang='grc'><strong><em>.</em></strong></span> <span class='ocrx_word' id='word_1_33' title='bbox 1223 810 1254 826; x_wconf 93' lang='grc'>..</span> <span class='ocrx_word' id='word_1_34' title='bbox 1275 755 1361 826; x_wconf 74' lang='lat' dir='ltr'>dde-</span> 
     </span>
     <span class='ocr_line' id='line_1_5' title="bbox 191 862 1359 958; baseline -0.001 -23"><span class='ocrx_word' id='word_1_35' title='bbox 191 873 325 937; x_wconf 82' lang='grc' dir='ltr'><strong><em>σοῦνται</em></strong></span> <span class='ocrx_word' id='word_1_36' title='bbox 355 862 461 950; x_wconf 81' lang='grc' dir='ltr'><strong><em>στίχοι</em></strong></span> <span class='ocrx_word' id='word_1_37' title='bbox 500 865 529 950; x_wconf 90' lang='grc' dir='ltr'>ς’</span> <span class='ocrx_word' id='word_1_38' title='bbox 558 867 612 936; x_wconf 82' lang='grc' dir='ltr'>ὅτι</span> <span class='ocrx_word' id='word_1_39' title='bbox 639 865 857 958; x_wconf 78' lang='grc' dir='ltr'><strong><em>παρῴδηνται</em></strong></span> <span class='ocrx_word' id='word_1_40' title='bbox 891 865 928 935; x_wconf 79' lang='grc' dir='ltr'><strong><em>ἐκ</em></strong></span> <span class='ocrx_word' id='word_1_41' title='bbox 959 872 1019 936; x_wconf 84' lang='grc' dir='ltr'>τού</span> <span class='ocrx_word' id='word_1_42' title='bbox 1053 863 1178 948; x_wconf 71' lang='lat' dir='ltr'>„ditor</span> <span class='ocrx_word' id='word_1_43' title='bbox 1210 864 1242 934; x_wconf 77' lang='grc' dir='ltr'>δ’</span> <span class='ocrx_word' id='word_1_44' title='bbox 1275 862 1359 957; x_wconf 78' lang='grc' dir='ltr'>ἀμφ’</span> 
     </span>
     <span class='ocr_line' id='line_1_6' title="bbox 193 970 1362 1066; baseline -0.002 -23"><span class='ocrx_word' id='word_1_45' title='bbox 193 971 313 1066; x_wconf 77' lang='grc' dir='ltr'><strong><em>άλλῃσι</em></strong></span> <span class='ocrx_word' id='word_1_46' title='bbox 337 1000 442 1064; x_wconf 81' lang='grc' dir='ltr'><strong><em>μαχην</em></strong></span> <span class='ocrx_word' id='word_1_47' title='bbox 469 973 627 1061; x_wconf 73' lang='grc' dir='ltr'><strong><em>ἐμάχοντο</em></strong></span> <span class='ocrx_word' id='word_1_48' title='bbox 654 974 796 1043; x_wconf 57' lang='lat' dir='ltr'>aeroas.</span> <span class='ocrx_word' id='word_1_49' title='bbox 827 1016 868 1027; x_wconf 92' lang='lat'><em>-</em></span> <span class='ocrx_word' id='word_1_50' title='bbox 903 983 935 1042; x_wconf 90' lang='grc' dir='ltr'><em>Τ</em></span> <span class='ocrx_word' id='word_1_51' title='bbox 953 983 1013 1046; x_wconf 79' lang='lat'>327</span> <span class='ocrx_word' id='word_1_52' title='bbox 1038 974 1096 1042; x_wconf 83' lang='grc' dir='ltr'><strong><em>καὶ</em></strong></span> <span class='ocrx_word' id='word_1_53' title='bbox 1120 970 1362 1066; x_wconf 77' lang='grc' dir='ltr'><strong><em>Ἀριστοφάνης</em></strong></span> 
     </span>
     <span class='ocr_line' id='line_1_7' title="bbox 192 1079 1363 1175; baseline -0.003 -24"><span class='ocrx_word' id='word_1_54' title='bbox 192 1081 375 1171; x_wconf 71' lang='grc' dir='ltr'><strong><em>προηδὲτει</em></strong></span> <span class='ocrx_word' id='word_1_55' title='bbox 400 1082 458 1151; x_wconf 86' lang='grc' dir='ltr'>τὸν</span> <span class='ocrx_word' id='word_1_56' title='bbox 484 1079 594 1166; x_wconf 85' lang='grc' dir='ltr'><strong><em>στίχον</em></strong></span> <span class='ocrx_word' id='word_1_57' title='bbox 617 1137 652 1152; x_wconf 92' lang='grc'>..</span> <span class='ocrx_word' id='word_1_58' title='bbox 674 1081 882 1173; x_wconf 76' lang='grc' dir='ltr'><strong><em>,τεκμήριον</em></strong></span> <span class='ocrx_word' id='word_1_59' title='bbox 911 1084 948 1150; x_wconf 79' lang='grc' dir='ltr'>δὲ</span> <span class='ocrx_word' id='word_1_60' title='bbox 967 1089 1028 1172; x_wconf 79' lang='grc' dir='ltr'>τῆς</span> <span class='ocrx_word' id='word_1_61' title='bbox 1049 1084 1225 1175; x_wconf 69' lang='grc' dir='ltr'><strong><em>διασμευῆς</em></strong></span> <span class='ocrx_word' id='word_1_62' title='bbox 1244 1082 1283 1152; x_wconf 92' lang='grc' dir='ltr'>τὸ</span> <span class='ocrx_word' id='word_1_63' title='bbox 1305 1082 1363 1149; x_wconf 80' lang='grc' dir='ltr'><strong><em>καὶ</em></strong></span> 
     </span>
     <span class='ocr_line' id='line_1_8' title="bbox 193 1185 1360 1283; baseline -0.003 -22"><span class='ocrx_word' id='word_1_64' title='bbox 193 1190 311 1280; x_wconf 75' lang='grc' dir='ltr'><strong><em>ἑτέρως</em></strong></span> <span class='ocrx_word' id='word_1_65' title='bbox 331 1189 500 1283; x_wconf 70' lang='grc' dir='ltr'><strong><em>φέρεσθαι</em></strong></span> <span class='ocrx_word' id='word_1_66' title='bbox 521 1191 580 1258; x_wconf 88' lang='grc' dir='ltr'>τὸν</span> <span class='ocrx_word' id='word_1_67' title='bbox 600 1187 710 1273; x_wconf 80' lang='grc' dir='ltr'><strong><em>στίχον</em></strong></span> <span class='ocrx_word' id='word_1_68' title='bbox 736 1188 798 1273; x_wconf 78' lang='grc' dir='ltr'><strong><em>,,ελ’</em></strong></span> <span class='ocrx_word' id='word_1_69' title='bbox 815 1216 882 1260; x_wconf 83' lang='grc' dir='ltr'>που</span> <span class='ocrx_word' id='word_1_70' title='bbox 905 1187 954 1258; x_wconf 71' lang='grc' dir='ltr'>ἔτι</span> <span class='ocrx_word' id='word_1_71' title='bbox 977 1187 1054 1272; x_wconf 79' lang='grc' dir='ltr'><strong><em>ζώει</em></strong></span> <span class='ocrx_word' id='word_1_72' title='bbox 1076 1215 1112 1276; x_wconf 79' lang='grc' dir='ltr'><strong><em>γε</em></strong></span> <span class='ocrx_word' id='word_1_73' title='bbox 1132 1195 1248 1279; x_wconf 74' lang='grc' dir='ltr'><strong><em>Πυρῆς</em></strong></span> <span class='ocrx_word' id='word_1_74' title='bbox 1270 1185 1360 1275; x_wconf 79' lang='grc' dir='ltr'><strong><em>ἐμός,</em></strong></span> 
     </span>
     <span class='ocr_line' id='line_1_9' title="bbox 193 1292 1363 1387; baseline -0.003 -21"><span class='ocrx_word' id='word_1_75' title='bbox 193 1292 233 1367; x_wconf 77' lang='grc' dir='ltr'>ὃν</span> <span class='ocrx_word' id='word_1_76' title='bbox 253 1297 486 1369; x_wconf 52' lang='grc' dir='ltr'><strong><em>κατέλειπονῑι.</em></strong></span> <span class='ocrx_word' id='word_1_77' title='bbox 526 1301 696 1368; x_wconf 88' lang='lat' dir='ltr'>Praeterea</span> <span class='ocrx_word' id='word_1_78' title='bbox 717 1294 962 1387; x_wconf 60' lang='lat' dir='ltr'>condecorasti,</span> <span class='ocrx_word' id='word_1_79' title='bbox 995 1301 1026 1365; x_wconf 86' lang='grc' dir='ltr'><em>Ω</em></span> <span class='ocrx_word' id='word_1_80' title='bbox 1051 1308 1108 1370; x_wconf 84' lang='grc'>109</span> <span class='ocrx_word' id='word_1_81' title='bbox 1135 1295 1188 1366; x_wconf 83' lang='grc' dir='ltr'>ὅτι</span> <span class='ocrx_word' id='word_1_82' title='bbox 1209 1296 1363 1365; x_wconf 74' lang='grc' dir='ltr'><strong><em>ἐντεῦθεν</em></strong></span> 
     </span>
     <span class='ocr_line' id='line_1_10' title="bbox 193 1401 1363 1499; baseline -0.002 -23"><span class='ocrx_word' id='word_1_83' title='bbox 193 1402 358 1497; x_wconf 78' lang='grc' dir='ltr'><strong><em>γέγονενὴ</em></strong></span> <span class='ocrx_word' id='word_1_84' title='bbox 376 1406 603 1496; x_wconf 76' lang='grc' dir='ltr'><strong><em>προδιασκευά</em></strong></span> <span class='ocrx_word' id='word_1_85' title='bbox 624 1402 724 1487; x_wconf 79' lang='grc' dir='ltr'><strong><em>,,άλλ’</em></strong></span> <span class='ocrx_word' id='word_1_86' title='bbox 747 1404 826 1496; x_wconf 73' lang='grc' dir='ltr'><strong><em>ἤτοι</em></strong></span> <span class='ocrx_word' id='word_1_87' title='bbox 846 1406 974 1499; x_wconf 83' lang='grc' dir='ltr'><strong><em>κλέψαι</em></strong></span> <span class='ocrx_word' id='word_1_88' title='bbox 993 1405 1054 1491; x_wconf 79' lang='grc' dir='ltr'>μὲν</span> <span class='ocrx_word' id='word_1_89' title='bbox 1076 1401 1241 1491; x_wconf 66' lang='grc' dir='ltr'>ἐάσομενις</span> <span class='ocrx_word' id='word_1_90' title='bbox 1262 1408 1363 1494; x_wconf 91' lang='lat' dir='ltr'>(quod</span> 
     </span>
     <span class='ocr_line' id='line_1_11' title="bbox 193 1512 1361 1602; baseline -0.005 -16"><span class='ocrx_word' id='word_1_91' title='bbox 193 1518 338 1588; x_wconf 86' lang='lat' dir='ltr'>schol.V</span> <span class='ocrx_word' id='word_1_92' title='bbox 358 1519 404 1583; x_wconf 86' lang='lat' dir='ltr'>sic</span> <span class='ocrx_word' id='word_1_93' title='bbox 425 1517 515 1584; x_wconf 88' lang='lat' dir='ltr'>dicit:</span> <span class='ocrx_word' id='word_1_94' title='bbox 537 1513 690 1582; x_wconf 72' lang='grc' dir='ltr'><strong><em>ἐντεῦθεν</em></strong></span> <span class='ocrx_word' id='word_1_95' title='bbox 710 1515 752 1581; x_wconf 86' lang='grc' dir='ltr'>τὰ</span> <span class='ocrx_word' id='word_1_96' title='bbox 772 1512 837 1581; x_wconf 86' lang='grc' dir='ltr'><strong><em>άνιο</em></strong></span> <span class='ocrx_word' id='word_1_97' title='bbox 861 1512 1091 1582; x_wconf 77' lang='grc' dir='ltr'><strong><em>διεσκεύασται</em></strong></span> <span class='ocrx_word' id='word_1_98' title='bbox 1112 1514 1189 1600; x_wconf 81' lang='grc' dir='ltr'><strong><em>περὶ</em></strong></span> <span class='ocrx_word' id='word_1_99' title='bbox 1209 1514 1361 1602; x_wconf 80' lang='grc' dir='ltr'><strong><em>κλοπῆς).</em></strong></span> 
     </span>
     <span class='ocr_line' id='line_1_12' title="bbox 192 1620 1363 1713; baseline -0.004 -19"><span class='ocrx_word' id='word_1_100' title='bbox 192 1627 282 1713; x_wconf 81' lang='lat' dir='ltr'>Ergo</span> <span class='ocrx_word' id='word_1_101' title='bbox 312 1620 540 1704; x_wconf 81' lang='grc' dir='ltr'><strong><em>διασκευάζειν</em></strong></span> <span class='ocrx_word' id='word_1_102' title='bbox 568 1626 684 1691; x_wconf 90' lang='lat' dir='ltr'>dicitur</span> <span class='ocrx_word' id='word_1_103' title='bbox 706 1629 736 1709; x_wconf 86' lang='lat'>1)</span> <span class='ocrx_word' id='word_1_104' title='bbox 759 1626 797 1692; x_wconf 91' lang='lat' dir='ltr'>de</span> <span class='ocrx_word' id='word_1_105' title='bbox 823 1623 908 1691; x_wconf 86' lang='lat' dir='ltr'>libro</span> <span class='ocrx_word' id='word_1_106' title='bbox 930 1625 982 1690; x_wconf 88' lang='lat' dir='ltr'>vel</span> <span class='ocrx_word' id='word_1_107' title='bbox 1002 1625 1072 1691; x_wconf 89' lang='lat' dir='ltr'>loco</span> <span class='ocrx_word' id='word_1_108' title='bbox 1096 1627 1152 1711; x_wconf 91' lang='lat' dir='ltr'>qui</span> <span class='ocrx_word' id='word_1_109' title='bbox 1171 1626 1308 1710; x_wconf 82' lang='lat' dir='ltr'>primam</span> <span class='ocrx_word' id='word_1_110' title='bbox 1330 1628 1363 1689; x_wconf 89' lang='lat' dir='ltr'>et</span> 
     </span>
     <span class='ocr_line' id='line_1_13' title="bbox 194 1732 1361 1819; baseline -0.003 -19"><span class='ocrx_word' id='word_1_111' title='bbox 194 1734 367 1819; x_wconf 80' lang='lat' dir='ltr'>genuinam</span> <span class='ocrx_word' id='word_1_112' title='bbox 380 1735 516 1800; x_wconf 86' lang='lat' dir='ltr'>formam</span> <span class='ocrx_word' id='word_1_113' title='bbox 529 1733 581 1798; x_wconf 79' lang='lat' dir='ltr'>vel</span> <span class='ocrx_word' id='word_1_114' title='bbox 596 1732 821 1799; x_wconf 77' lang='lat' dir='ltr'>additamentis</span> <span class='ocrx_word' id='word_1_115' title='bbox 838 1732 889 1797; x_wconf 83' lang='lat' dir='ltr'>vel</span> <span class='ocrx_word' id='word_1_116' title='bbox 911 1733 1156 1818; x_wconf 78' lang='lat' dir='ltr'>quibuscunque</span> <span class='ocrx_word' id='word_1_117' title='bbox 1176 1732 1361 1798; x_wconf 88' lang='lat' dir='ltr'>mutationi·</span> 
     </span>
     <span class='ocr_line' id='line_1_14' title="bbox 192 1834 1393 1926; baseline 0 -18"><span class='ocrx_word' id='word_1_118' title='bbox 192 1844 254 1908; x_wconf 86' lang='lat' dir='ltr'>bus</span> <span class='ocrx_word' id='word_1_119' title='bbox 275 1842 369 1907; x_wconf 88' lang='lat' dir='ltr'>factis</span> <span class='ocrx_word' id='word_1_120' title='bbox 390 1841 510 1921; x_wconf 86' lang='lat' dir='ltr'>amisit,</span> <span class='ocrx_word' id='word_1_121' title='bbox 537 1834 832 1905; x_wconf 73' lang='lat' dir='ltr'>dianaeduocuc²³⁷.</span> <span class='ocrx_word' id='word_1_122' title='bbox 874 1844 906 1923; x_wconf 76' lang='lat'>2)</span> <span class='ocrx_word' id='word_1_123' title='bbox 927 1838 1030 1905; x_wconf 85' lang='lat' dir='ltr'>Locus</span> <span class='ocrx_word' id='word_1_124' title='bbox 1058 1840 1127 1924; x_wconf 90' lang='lat' dir='ltr'>ipse</span> <span class='ocrx_word' id='word_1_125' title='bbox 1154 1841 1209 1926; x_wconf 93' lang='lat' dir='ltr'>qui</span> <span class='ocrx_word' id='word_1_126' title='bbox 1235 1839 1361 1905; x_wconf 89' lang='lat' dir='ltr'>additus</span> <span class='ocrx_word' id='word_1_127' title='bbox 1390 1904 1393 1910; x_wconf 87' lang='grc'><em>,</em></span> 
     </span>
     <span class='ocr_line' id='line_1_15' title="bbox 195 1942 1116 2032; baseline -0.002 -16"><span class='ocrx_word' id='word_1_128' title='bbox 195 1955 246 2016; x_wconf 86' lang='lat' dir='ltr'>est</span> <span class='ocrx_word' id='word_1_129' title='bbox 267 1950 384 2015; x_wconf 88' lang='lat' dir='ltr'>dicitur</span> <span class='ocrx_word' id='word_1_130' title='bbox 405 1944 680 2030; x_wconf 83' lang='grc' dir='ltr'><strong><em>διεσκευασμένος</em></strong></span> <span class='ocrx_word' id='word_1_131' title='bbox 699 1948 721 2014; x_wconf 91' lang='lat' dir='ltr'>i.</span> <span class='ocrx_word' id='word_1_132' title='bbox 744 1971 775 2032; x_wconf 93' lang='lat' dir='ltr'>q.</span> <span class='ocrx_word' id='word_1_133' title='bbox 799 1942 1116 2028; x_wconf 76' lang='grc' dir='ltr'><strong><em>ἐνδιεσκευασμὲνος.</em></strong></span> 
     </span>
    </p>
   </div>
   <div class='ocr_carea' id='block_1_3' title="bbox 192 2065 1446 2482">
    <p class='ocr_par' dir='ltr' id='par_1_3' title="bbox 192 2065 1446 2482">
     <span class='ocr_line' id='line_1_16' title="bbox 276 2065 1365 2159; baseline 0 -19"><span class='ocrx_word' id='word_1_134' title='bbox 276 2074 426 2140; x_wconf 80' lang='lat' dir='ltr'>Ceterum</span> <span class='ocrx_word' id='word_1_135' title='bbox 450 2073 530 2139; x_wconf 90' lang='lat' dir='ltr'>haee</span> <span class='ocrx_word' id='word_1_136' title='bbox 559 2065 718 2158; x_wconf 78' lang='grc' dir='ltr'><strong><em>διασκευή</em></strong></span> <span class='ocrx_word' id='word_1_137' title='bbox 746 2076 855 2158; x_wconf 89' lang='lat' dir='ltr'>potest</span> <span class='ocrx_word' id='word_1_138' title='bbox 883 2074 923 2139; x_wconf 88' lang='lat' dir='ltr'>ab</span> <span class='ocrx_word' id='word_1_139' title='bbox 945 2074 1016 2159; x_wconf 90' lang='lat' dir='ltr'>ipso</span> <span class='ocrx_word' id='word_1_140' title='bbox 1038 2073 1192 2159; x_wconf 78' lang='lat' dir='ltr'>scriptore</span> <span class='ocrx_word' id='word_1_141' title='bbox 1214 2074 1298 2153; x_wconf 79' lang='lat' dir='ltr'>fieri,</span> <span class='ocrx_word' id='word_1_142' title='bbox 1326 2079 1365 2140; x_wconf 88' lang='lat' dir='ltr'>ut</span> 
     </span>
     <span class='ocr_line' id='line_1_17' title="bbox 192 2180 1362 2269; baseline -0.004 -19"><span class='ocrx_word' id='word_1_143' title='bbox 192 2206 287 2269; x_wconf 83' lang='lat' dir='ltr'>saepe</span> <span class='ocrx_word' id='word_1_144' title='bbox 303 2182 468 2249; x_wconf 82' lang='lat' dir='ltr'>dramatici</span> <span class='ocrx_word' id='word_1_145' title='bbox 482 2181 644 2247; x_wconf 88' lang='lat' dir='ltr'>faciebant</span> <span class='ocrx_word' id='word_1_146' title='bbox 666 2203 740 2247; x_wconf 91' lang='lat' dir='ltr'>cum</span> <span class='ocrx_word' id='word_1_147' title='bbox 760 2180 888 2248; x_wconf 82' lang='lat' dir='ltr'>fabulae</span> <span class='ocrx_word' id='word_1_148' title='bbox 909 2183 1049 2266; x_wconf 91' lang='lat' dir='ltr'>primum</span> <span class='ocrx_word' id='word_1_149' title='bbox 1071 2204 1137 2247; x_wconf 91' lang='lat' dir='ltr'>non</span> <span class='ocrx_word' id='word_1_150' title='bbox 1158 2181 1362 2266; x_wconf 87' lang='lat' dir='ltr'>placuissent,</span> 
     </span>
     <span class='ocr_line' id='line_1_18' title="bbox 193 2286 1363 2377; baseline -0.003 -21"><span class='ocrx_word' id='word_1_151' title='bbox 193 2293 281 2377; x_wconf 92' lang='lat' dir='ltr'>quod</span> <span class='ocrx_word' id='word_1_152' title='bbox 302 2291 488 2359; x_wconf 80' lang='lat' dir='ltr'>Athenaeus</span> <span class='ocrx_word' id='word_1_153' title='bbox 510 2289 640 2376; x_wconf 78' lang='lat' dir='ltr'>egregie</span> <span class='ocrx_word' id='word_1_154' title='bbox 662 2288 804 2353; x_wconf 88' lang='lat' dir='ltr'>illustrat</span> <span class='ocrx_word' id='word_1_155' title='bbox 824 2286 869 2352; x_wconf 86' lang='lat' dir='ltr'>IX</span> <span class='ocrx_word' id='word_1_156' title='bbox 889 2311 919 2374; x_wconf 90' lang='lat' dir='ltr'>p.</span> <span class='ocrx_word' id='word_1_157' title='bbox 935 2294 996 2356; x_wconf 73' lang='lat'>374</span> <span class='ocrx_word' id='word_1_158' title='bbox 1010 2290 1063 2370; x_wconf 79' lang='lat' dir='ltr'>in,</span> <span class='ocrx_word' id='word_1_159' title='bbox 1085 2289 1241 2355; x_wconf 88' lang='lat' dir='ltr'>vocabulo</span> <span class='ocrx_word' id='word_1_160' title='bbox 1261 2310 1363 2370; x_wconf 88' lang='grc' dir='ltr'><strong><em>μετα-</em></strong></span> 
     </span>
     <span class='ocr_line' id='line_1_19' title="bbox 192 2386 1446 2482; baseline -0.006 -19"><span class='ocrx_word' id='word_1_161' title='bbox 192 2391 363 2477; x_wconf 87' lang='grc' dir='ltr'><strong><em>σκευάζειν</em></strong></span> <span class='ocrx_word' id='word_1_162' title='bbox 383 2402 491 2464; x_wconf 87' lang='lat' dir='ltr'>utens:</span> <span class='ocrx_word' id='word_1_163' title='bbox 519 2393 640 2479; x_wconf 80' lang='grc' dir='ltr'><strong><em>πικρὸς</em></strong></span> <span class='ocrx_word' id='word_1_164' title='bbox 665 2389 697 2460; x_wconf 83' lang='grc' dir='ltr'>δ’</span> <span class='ocrx_word' id='word_1_165' title='bbox 722 2388 767 2458; x_wconf 77' lang='lat' dir='ltr'>dv</span> <span class='ocrx_word' id='word_1_166' title='bbox 793 2392 831 2460; x_wconf 84' lang='grc' dir='ltr'>τὸ</span> <span class='ocrx_word' id='word_1_167' title='bbox 853 2386 942 2482; x_wconf 74' lang='grc' dir='ltr'><strong><em>ἦδος</em></strong></span> <span class='ocrx_word' id='word_1_168' title='bbox 963 2396 1229 2480; x_wconf 84' lang='lat' dir='ltr'>(Anaxandrides)</span> <span class='ocrx_word' id='word_1_169' title='bbox 1252 2392 1362 2462; x_wconf 78' lang='grc' dir='ltr'><strong><em>ἐποίει</em></strong></span> <span class='ocrx_word' id='word_1_170' title='bbox 1374 2401 1446 2472; x_wconf 74' lang='lat'>(352)</span> 
     </span>
    </p>
   </div>
   <div class='ocr_carea' id='block_1_4' title="bbox 191 2496 1430 3670">
    <p class='ocr_par' dir='ltr' id='par_1_4' title="bbox 191 2496 1430 3670">
     <span class='ocr_line' id='line_1_20' title="bbox 191 2496 1365 2590; baseline -0.004 -19"><span class='ocrx_word' id='word_1_171' title='bbox 191 2530 225 2571; x_wconf 90' lang='grc' dir='ltr'>τι</span> <span class='ocrx_word' id='word_1_172' title='bbox 245 2507 398 2571; x_wconf 83' lang='grc' dir='ltr'><strong><em>τοιοῦτον</em></strong></span> <span class='ocrx_word' id='word_1_173' title='bbox 417 2501 495 2588; x_wconf 80' lang='grc' dir='ltr'><strong><em>περὶ</em></strong></span> <span class='ocrx_word' id='word_1_174' title='bbox 514 2500 574 2580; x_wconf 87' lang='grc' dir='ltr'>τὰς</span> <span class='ocrx_word' id='word_1_175' title='bbox 593 2496 783 2589; x_wconf 75' lang='grc' dir='ltr'><strong><em>κωμῳδίας·</em></strong></span> <span class='ocrx_word' id='word_1_176' title='bbox 813 2498 869 2569; x_wconf 84' lang='grc' dir='ltr'><strong><em>ὅτε</em></strong></span> <span class='ocrx_word' id='word_1_177' title='bbox 895 2499 956 2587; x_wconf 78' lang='grc' dir='ltr'>γάρ</span> <span class='ocrx_word' id='word_1_178' title='bbox 977 2501 1023 2590; x_wconf 77' lang='grc' dir='ltr'>μὴ</span> <span class='ocrx_word' id='word_1_179' title='bbox 1048 2499 1163 2590; x_wconf 78' lang='grc' dir='ltr'><strong><em>νικῴη,</em></strong></span> <span class='ocrx_word' id='word_1_180' title='bbox 1185 2496 1365 2588; x_wconf 81' lang='grc' dir='ltr'><strong><em>λαμβάνων</em></strong></span> 
     </span>
     <span class='ocr_line' id='line_1_21' title="bbox 192 2603 1365 2695; baseline -0.005 -14"><span class='ocrx_word' id='word_1_181' title='bbox 192 2609 314 2681; x_wconf 75' lang='grc' dir='ltr'><strong><em>ἔδωκεν</em></strong></span> <span class='ocrx_word' id='word_1_182' title='bbox 335 2606 383 2689; x_wconf 80' lang='grc' dir='ltr'><strong><em>εἰς</em></strong></span> <span class='ocrx_word' id='word_1_183' title='bbox 402 2608 459 2677; x_wconf 87' lang='grc' dir='ltr'>τὸν</span> <span class='ocrx_word' id='word_1_184' title='bbox 480 2608 665 2695; x_wconf 78' lang='grc' dir='ltr'><strong><em>λιβανωτὸν</em></strong></span> <span class='ocrx_word' id='word_1_185' title='bbox 685 2614 897 2694; x_wconf 84' lang='grc' dir='ltr'><strong><em>κατατεμεῖν,</em></strong></span> <span class='ocrx_word' id='word_1_186' title='bbox 926 2608 993 2676; x_wconf 82' lang='grc' dir='ltr'><strong><em>καὶ</em></strong></span> <span class='ocrx_word' id='word_1_187' title='bbox 1015 2603 1056 2675; x_wconf 89' lang='grc' dir='ltr'>ού</span> <span class='ocrx_word' id='word_1_188' title='bbox 1078 2607 1365 2693; x_wconf 80' lang='grc' dir='ltr'><strong><em>μετεσκεύαζεν</em></strong></span> 
     </span>
     <span class='ocr_line' id='line_1_22' title="bbox 193 2713 1365 2806; baseline -0.001 -20"><span class='ocrx_word' id='word_1_189' title='bbox 193 2718 325 2804; x_wconf 79' lang='grc' dir='ltr'><strong><em>ὥσπερ</em></strong></span> <span class='ocrx_word' id='word_1_190' title='bbox 347 2714 384 2784; x_wconf 75' lang='grc' dir='ltr'>οἱ</span> <span class='ocrx_word' id='word_1_191' title='bbox 405 2714 560 2786; x_wconf 79' lang='grc' dir='ltr'><strong><em>πολλοί.</em></strong></span> <span class='ocrx_word' id='word_1_192' title='bbox 590 2719 724 2785; x_wconf 88' lang='lat' dir='ltr'>Poterat</span> <span class='ocrx_word' id='word_1_193' title='bbox 738 2713 977 2799; x_wconf 82' lang='grc' dir='ltr'><strong><em>διασκευάζειν,</em></strong></span> <span class='ocrx_word' id='word_1_194' title='bbox 995 2720 1082 2805; x_wconf 91' lang='lat' dir='ltr'>quod</span> <span class='ocrx_word' id='word_1_195' title='bbox 1096 2721 1200 2786; x_wconf 88' lang='lat' dir='ltr'>multo</span> <span class='ocrx_word' id='word_1_196' title='bbox 1214 2722 1365 2806; x_wconf 80' lang='lat' dir='ltr'>frequen·</span> 
     </span>
     <span class='ocr_line' id='line_1_23' title="bbox 194 2824 1365 2914; baseline -0.005 -17"><span class='ocrx_word' id='word_1_197' title='bbox 194 2833 260 2898; x_wconf 91' lang='lat' dir='ltr'>tius</span> <span class='ocrx_word' id='word_1_198' title='bbox 282 2832 315 2896; x_wconf 91' lang='lat' dir='ltr'>in</span> <span class='ocrx_word' id='word_1_199' title='bbox 337 2830 398 2895; x_wconf 89' lang='lat' dir='ltr'>hac</span> <span class='ocrx_word' id='word_1_200' title='bbox 418 2852 465 2906; x_wconf 82' lang='lat' dir='ltr'>re3</span> <span class='ocrx_word' id='word_1_201' title='bbox 505 2852 531 2894; x_wconf 87' lang='lat' dir='ltr'>e.</span> <span class='ocrx_word' id='word_1_202' title='bbox 561 2849 591 2914; x_wconf 82' lang='lat' dir='ltr'>g.</span> <span class='ocrx_word' id='word_1_203' title='bbox 615 2827 715 2894; x_wconf 89' lang='lat' dir='ltr'>schol.</span> <span class='ocrx_word' id='word_1_204' title='bbox 737 2824 823 2893; x_wconf 89' lang='lat' dir='ltr'>Nub.</span> <span class='ocrx_word' id='word_1_205' title='bbox 848 2834 908 2895; x_wconf 78' lang='lat'>549</span> <span class='ocrx_word' id='word_1_206' title='bbox 938 2827 1178 2912; x_wconf 84' lang='lat' dir='ltr'>distinguuntur</span> <span class='ocrx_word' id='word_1_207' title='bbox 1206 2824 1240 2893; x_wconf 83' lang='lat' dir='ltr'>ni</span> <span class='ocrx_word' id='word_1_208' title='bbox 1268 2827 1365 2893; x_wconf 87' lang='grc' dir='ltr'><strong><em>διδα-</em></strong></span> 
     </span>
     <span class='ocr_line' id='line_1_24' title="bbox 191 2930 1364 3023; baseline -0.001 -19"><span class='ocrx_word' id='word_1_209' title='bbox 191 2941 329 3020; x_wconf 75' lang='grc' dir='ltr'><strong><em>χθεῖσσι</em></strong></span> <span class='ocrx_word' id='word_1_210' title='bbox 361 2942 394 3003; x_wconf 89' lang='lat' dir='ltr'>et</span> <span class='ocrx_word' id='word_1_211' title='bbox 424 2930 459 3001; x_wconf 83' lang='lat' dir='ltr'>ai</span> <span class='ocrx_word' id='word_1_212' title='bbox 489 2931 625 3020; x_wconf 69' lang='grc' dir='ltr'><strong><em>ὕστερον</em></strong></span> <span class='ocrx_word' id='word_1_213' title='bbox 656 2934 953 3001; x_wconf 75' lang='grc' dir='ltr'><strong><em>διασκευασθεῖσαι</em></strong></span> <span class='ocrx_word' id='word_1_214' title='bbox 985 2932 1148 3023; x_wconf 79' lang='grc' dir='ltr'><strong><em>Νεφέλαι.</em></strong></span> <span class='ocrx_word' id='word_1_215' title='bbox 1189 2960 1217 3003; x_wconf 85' lang='lat' dir='ltr'>v.</span> <span class='ocrx_word' id='word_1_216' title='bbox 1244 2936 1364 3003; x_wconf 82' lang='lat' dir='ltr'>Athen.</span> 
     </span>
     <span class='ocr_line' id='line_1_25' title="bbox 193 3036 1364 3127; baseline -0.001 -15"><span class='ocrx_word' id='word_1_217' title='bbox 193 3046 240 3112; x_wconf 88' lang='lat' dir='ltr'>VI</span> <span class='ocrx_word' id='word_1_218' title='bbox 266 3053 356 3115; x_wconf 81' lang='lat'><strong>2470.</strong></span> <span class='ocrx_word' id='word_1_219' title='bbox 403 3043 481 3109; x_wconf 85' lang='lat' dir='ltr'><strong>VIII</strong></span> <span class='ocrx_word' id='word_1_220' title='bbox 507 3042 592 3113; x_wconf 80' lang='lat' dir='ltr'>358d</span> <span class='ocrx_word' id='word_1_221' title='bbox 625 3044 694 3127; x_wconf 85' lang='lat' dir='ltr'>(ubi</span> <span class='ocrx_word' id='word_1_222' title='bbox 723 3036 797 3120; x_wconf 75' lang='grc' dir='ltr'><strong><em>ἑνός</em></strong></span> <span class='ocrx_word' id='word_1_223' title='bbox 828 3043 1000 3110; x_wconf 91' lang='lat' dir='ltr'>delendum</span> <span class='ocrx_word' id='word_1_224' title='bbox 1031 3045 1177 3127; x_wconf 81' lang='lat' dir='ltr'>videtur).</span> <span class='ocrx_word' id='word_1_225' title='bbox 1217 3044 1247 3111; x_wconf 88' lang='lat' dir='ltr'>X</span> <span class='ocrx_word' id='word_1_226' title='bbox 1274 3050 1364 3111; x_wconf 71' lang='lat'>4290.</span> 
     </span>
     <span class='ocr_line' id='line_1_26' title="bbox 193 3150 1364 3236; baseline -0.003 -16"><span class='ocrx_word' id='word_1_227' title='bbox 193 3154 237 3220; x_wconf 87' lang='lat' dir='ltr'>XI</span> <span class='ocrx_word' id='word_1_228' title='bbox 259 3152 343 3221; x_wconf 63' lang='lat' dir='ltr'>ists.</span> <span class='ocrx_word' id='word_1_229' title='bbox 382 3150 458 3217; x_wconf 89' lang='lat' dir='ltr'>XIV</span> <span class='ocrx_word' id='word_1_230' title='bbox 480 3153 624 3219; x_wconf 70' lang='lat'><strong>6630238.</strong></span> <span class='ocrx_word' id='word_1_231' title='bbox 662 3151 740 3218; x_wconf 90' lang='lat' dir='ltr'>Non</span> <span class='ocrx_word' id='word_1_232' title='bbox 768 3173 894 3236; x_wconf 83' lang='lat' dir='ltr'>semper</span> <span class='ocrx_word' id='word_1_233' title='bbox 919 3156 1110 3218; x_wconf 82' lang='lat' dir='ltr'>retractatae</span> <span class='ocrx_word' id='word_1_234' title='bbox 1135 3156 1173 3217; x_wconf 90' lang='lat' dir='ltr'>ut</span> <span class='ocrx_word' id='word_1_235' title='bbox 1198 3152 1303 3218; x_wconf 91' lang='lat' dir='ltr'>denuo</span> <span class='ocrx_word' id='word_1_236' title='bbox 1330 3153 1364 3217; x_wconf 91' lang='lat' dir='ltr'>in</span> 
     </span>
     <span class='ocr_line' id='line_1_27' title="bbox 194 3259 1364 3346; baseline -0.002 -19"><span class='ocrx_word' id='word_1_237' title='bbox 194 3262 320 3328; x_wconf 89' lang='lat' dir='ltr'>theatra</span> <span class='ocrx_word' id='word_1_238' title='bbox 334 3259 484 3340; x_wconf 80' lang='lat' dir='ltr'>redirent,</span> <span class='ocrx_word' id='word_1_239' title='bbox 506 3262 562 3326; x_wconf 92' lang='lat' dir='ltr'>sed</span> <span class='ocrx_word' id='word_1_240' title='bbox 576 3264 613 3324; x_wconf 89' lang='lat' dir='ltr'>ut</span> <span class='ocrx_word' id='word_1_241' title='bbox 631 3260 865 3327; x_wconf 87' lang='lat' dir='ltr'>emendatiores</span> <span class='ocrx_word' id='word_1_242' title='bbox 887 3261 920 3325; x_wconf 90' lang='lat' dir='ltr'>in</span> <span class='ocrx_word' id='word_1_243' title='bbox 942 3283 1056 3325; x_wconf 90' lang='lat' dir='ltr'>manus</span> <span class='ocrx_word' id='word_1_244' title='bbox 1075 3259 1254 3346; x_wconf 81' lang='lat' dir='ltr'>legentium</span> <span class='ocrx_word' id='word_1_245' title='bbox 1274 3260 1364 3326; x_wconf 84' lang='lat' dir='ltr'>veni-</span> 
     </span>
     <span class='ocr_line' id='line_1_28' title="bbox 193 3365 1364 3452; baseline -0.003 -17"><span class='ocrx_word' id='word_1_246' title='bbox 193 3372 274 3449; x_wconf 82' lang='lat' dir='ltr'>rent.</span> <span class='ocrx_word' id='word_1_247' title='bbox 303 3365 545 3452; x_wconf 85' lang='lat' dir='ltr'>Nonnunquam</span> <span class='ocrx_word' id='word_1_248' title='bbox 561 3371 705 3433; x_wconf 89' lang='lat' dir='ltr'>mutatae</span> <span class='ocrx_word' id='word_1_249' title='bbox 720 3369 761 3434; x_wconf 89' lang='lat' dir='ltr'>ab</span> <span class='ocrx_word' id='word_1_250' title='bbox 777 3368 848 3434; x_wconf 89' lang='lat' dir='ltr'>aliis</span> <span class='ocrx_word' id='word_1_251' title='bbox 864 3373 948 3447; x_wconf 85' lang='lat' dir='ltr'>sunt,</span> <span class='ocrx_word' id='word_1_252' title='bbox 969 3367 1009 3432; x_wconf 90' lang='lat' dir='ltr'>ab</span> <span class='ocrx_word' id='word_1_253' title='bbox 1023 3367 1102 3452; x_wconf 87' lang='lat' dir='ltr'>ipsis</span> <span class='ocrx_word' id='word_1_254' title='bbox 1117 3368 1214 3433; x_wconf 87' lang='lat' dir='ltr'>etiam</span> <span class='ocrx_word' id='word_1_255' title='bbox 1235 3367 1364 3433; x_wconf 84' lang='lat' dir='ltr'>histrio·</span> 
     </span>
     <span class='ocr_line' id='line_1_29' title="bbox 194 3474 1430 3563; baseline 0 -22"><span class='ocrx_word' id='word_1_256' title='bbox 194 3477 289 3542; x_wconf 90' lang='lat' dir='ltr'>nibus</span> <span class='ocrx_word' id='word_1_257' title='bbox 300 3474 438 3560; x_wconf 79' lang='lat' dir='ltr'>(Grysar.</span> <span class='ocrx_word' id='word_1_258' title='bbox 449 3474 488 3540; x_wconf 89' lang='lat' dir='ltr'>de</span> <span class='ocrx_word' id='word_1_259' title='bbox 500 3474 695 3542; x_wconf 79' lang='lat' dir='ltr'>Graecorum</span> <span class='ocrx_word' id='word_1_260' title='bbox 707 3480 789 3563; x_wconf 80' lang='lat' dir='ltr'>trag.</span> <span class='ocrx_word' id='word_1_261' title='bbox 799 3481 896 3561; x_wconf 89' lang='lat' dir='ltr'>temp.</span> <span class='ocrx_word' id='word_1_262' title='bbox 908 3476 1167 3561; x_wconf 81' lang='lat' dir='ltr'>Dem.p.4sqq.).</span> <span class='ocrx_word' id='word_1_263' title='bbox 1189 3474 1243 3542; x_wconf 85' lang='lat' dir='ltr'>Sic</span> <span class='ocrx_word' id='word_1_264' title='bbox 1255 3476 1363 3560; x_wconf 91' lang='lat' dir='ltr'>prouti</span> <span class='ocrx_word' id='word_1_265' title='bbox 1380 3483 1430 3533; x_wconf 76' lang='lat'>337</span> 
     </span>
     <span class='ocr_line' id='line_1_30' title="bbox 194 3578 1363 3670; baseline 0.001 -21"><span class='ocrx_word' id='word_1_266' title='bbox 194 3607 244 3649; x_wconf 89' lang='lat' dir='ltr'>res</span> <span class='ocrx_word' id='word_1_267' title='bbox 266 3583 416 3649; x_wconf 87' lang='lat' dir='ltr'>ceciderit</span> <span class='ocrx_word' id='word_1_268' title='bbox 440 3578 598 3670; x_wconf 83' lang='grc' dir='ltr'><strong><em>διασκευή</em></strong></span> <span class='ocrx_word' id='word_1_269' title='bbox 621 3587 654 3649; x_wconf 89' lang='lat' dir='ltr'>et</span> <span class='ocrx_word' id='word_1_270' title='bbox 680 3585 835 3651; x_wconf 77' lang='lat' dir='ltr'>comestio</span> <span class='ocrx_word' id='word_1_271' title='bbox 862 3607 932 3650; x_wconf 87' lang='lat' dir='ltr'>esse</span> <span class='ocrx_word' id='word_1_272' title='bbox 953 3588 1062 3670; x_wconf 87' lang='lat' dir='ltr'>potest</span> <span class='ocrx_word' id='word_1_273' title='bbox 1083 3586 1116 3648; x_wconf 87' lang='lat' dir='ltr'>et</span> <span class='ocrx_word' id='word_1_274' title='bbox 1136 3582 1363 3668; x_wconf 66' lang='lat' dir='ltr'>corruptio²³t</span> 
     </span>
    </p>
   </div>
   <div class='ocr_carea' id='block_1_5' title="bbox 194 3823 1365 4489">
    <p class='ocr_par' dir='ltr' id='par_1_5' title="bbox 194 3823 1365 4065">
     <span class='ocr_line' id='line_1_31' title="bbox 260 3823 1364 3896; baseline -0.005 -14"><span class='ocrx_word' id='word_1_275' title='bbox 260 3828 297 3869; x_wconf 74' lang='lat'>2³⁷</span> <span class='ocrx_word' id='word_1_276' title='bbox 313 3826 520 3894; x_wconf 85' lang='lat' dir='ltr'>Nonnunquam</span> <span class='ocrx_word' id='word_1_277' title='bbox 538 3824 624 3880; x_wconf 87' lang='lat' dir='ltr'>etiam</span> <span class='ocrx_word' id='word_1_278' title='bbox 640 3825 758 3880; x_wconf 86' lang='lat' dir='ltr'>formam</span> <span class='ocrx_word' id='word_1_279' title='bbox 776 3844 832 3881; x_wconf 91' lang='lat' dir='ltr'>non</span> <span class='ocrx_word' id='word_1_280' title='bbox 859 3827 1011 3896; x_wconf 80' lang='lat' dir='ltr'>genuinam</span> <span class='ocrx_word' id='word_1_281' title='bbox 1028 3824 1129 3880; x_wconf 90' lang='lat' dir='ltr'>induit.</span> <span class='ocrx_word' id='word_1_282' title='bbox 1164 3823 1244 3894; x_wconf 80' lang='lat' dir='ltr'>Diog.</span> <span class='ocrx_word' id='word_1_283' title='bbox 1261 3825 1308 3879; x_wconf 84' lang='lat' dir='ltr'>La.</span> <span class='ocrx_word' id='word_1_284' title='bbox 1326 3824 1364 3878; x_wconf 87' lang='lat' dir='ltr'>IX</span> 
     </span>
     <span class='ocr_line' id='line_1_32' title="bbox 196 3904 1365 3981; baseline -0.002 -16"><span class='ocrx_word' id='word_1_285' title='bbox 196 3916 228 3965; x_wconf 69' lang='lat'>49</span> <span class='ocrx_word' id='word_1_286' title='bbox 246 3910 283 3965; x_wconf 84' lang='grc' dir='ltr'>τὰ</span> <span class='ocrx_word' id='word_1_287' title='bbox 300 3904 329 3964; x_wconf 80' lang='grc' dir='ltr'>δ’</span> <span class='ocrx_word' id='word_1_288' title='bbox 339 3904 412 3967; x_wconf 70' lang='grc' dir='ltr'><strong><em>ἄλλα</em></strong></span> <span class='ocrx_word' id='word_1_289' title='bbox 428 3905 486 3965; x_wconf 82' lang='lat' dir='ltr'>dua</span> <span class='ocrx_word' id='word_1_290' title='bbox 502 3907 581 3974; x_wconf 73' lang='grc' dir='ltr'><strong><em>τινες</em></strong></span> <span class='ocrx_word' id='word_1_291' title='bbox 597 3908 797 3981; x_wconf 77' lang='grc' dir='ltr'><strong><em>ἀναφέρουσιν</em></strong></span> <span class='ocrx_word' id='word_1_292' title='bbox 814 3907 858 3974; x_wconf 77' lang='grc' dir='ltr'><strong><em>εἰς</em></strong></span> <span class='ocrx_word' id='word_1_293' title='bbox 875 3906 966 3966; x_wconf 70' lang='grc' dir='ltr'><strong><em>αὐτὸν</em></strong></span> <span class='ocrx_word' id='word_1_294' title='bbox 977 3909 1188 3981; x_wconf 75' lang='lat' dir='ltr'>(Democritum)</span> <span class='ocrx_word' id='word_1_295' title='bbox 1205 3908 1242 3965; x_wconf 82' lang='grc' dir='ltr'>τά</span> <span class='ocrx_word' id='word_1_296' title='bbox 1259 3907 1314 3977; x_wconf 80' lang='grc' dir='ltr'>μὲν</span> <span class='ocrx_word' id='word_1_297' title='bbox 1330 3906 1365 3965; x_wconf 78' lang='grc' dir='ltr'><strong><em>ἐκ</em></strong></span> 
     </span>
     <span class='ocr_line' id='line_1_33' title="bbox 194 3984 1218 4065; baseline 0 -17"><span class='ocrx_word' id='word_1_298' title='bbox 194 3998 254 4048; x_wconf 82' lang='grc' dir='ltr'>τῶν</span> <span class='ocrx_word' id='word_1_299' title='bbox 271 3992 361 4049; x_wconf 74' lang='grc' dir='ltr'><strong><em>αὐτοῦ</em></strong></span> <span class='ocrx_word' id='word_1_300' title='bbox 377 3994 590 4059; x_wconf 81' lang='grc' dir='ltr'><strong><em>διεσκεύασται,</em></strong></span> <span class='ocrx_word' id='word_1_301' title='bbox 609 3986 646 4049; x_wconf 81' lang='grc' dir='ltr'>τά</span> <span class='ocrx_word' id='word_1_302' title='bbox 663 3985 692 4048; x_wconf 84' lang='grc' dir='ltr'>δ’</span> <span class='ocrx_word' id='word_1_303' title='bbox 712 3984 956 4065; x_wconf 70' lang='grc' dir='ltr'><strong><em>ὁμολογουμένως</em></strong></span> <span class='ocrx_word' id='word_1_304' title='bbox 974 3991 1055 4050; x_wconf 77' lang='grc' dir='ltr'><strong><em>ἐστὶν</em></strong></span> <span class='ocrx_word' id='word_1_305' title='bbox 1072 3987 1218 4064; x_wconf 72' lang='grc' dir='ltr'><strong><em>ἀλλότρια.</em></strong></span> 
     </span>
    </p>

    <p class='ocr_par' dir='ltr' id='par_1_6' title="bbox 261 4077 1364 4149">
     <span class='ocr_line' id='line_1_34' title="bbox 261 4077 1364 4149; baseline 0 -18"><span class='ocrx_word' id='word_1_306' title='bbox 261 4080 300 4120; x_wconf 66' lang='lat'>2³⁸</span> <span class='ocrx_word' id='word_1_307' title='bbox 317 4077 443 4148; x_wconf 85' lang='lat' dir='ltr'>Apparet</span> <span class='ocrx_word' id='word_1_308' title='bbox 452 4096 485 4134; x_wconf 86' lang='lat' dir='ltr'>ex</span> <span class='ocrx_word' id='word_1_309' title='bbox 499 4079 542 4134; x_wconf 86' lang='lat' dir='ltr'>his</span> <span class='ocrx_word' id='word_1_310' title='bbox 553 4079 620 4134; x_wconf 84' lang='lat' dir='ltr'>Iocis</span> <span class='ocrx_word' id='word_1_311' title='bbox 630 4095 767 4148; x_wconf 84' lang='lat' dir='ltr'>quamres</span> <span class='ocrx_word' id='word_1_312' title='bbox 778 4079 909 4149; x_wconf 82' lang='lat' dir='ltr'>frequens</span> <span class='ocrx_word' id='word_1_313' title='bbox 921 4079 952 4134; x_wconf 89' lang='lat' dir='ltr'>in</span> <span class='ocrx_word' id='word_1_314' title='bbox 963 4078 1112 4135; x_wconf 79' lang='lat' dir='ltr'>recentiori</span> <span class='ocrx_word' id='word_1_315' title='bbox 1120 4077 1264 4134; x_wconf 88' lang='lat' dir='ltr'>comoedia</span> <span class='ocrx_word' id='word_1_316' title='bbox 1272 4077 1364 4133; x_wconf 83' lang='lat' dir='ltr'>fuerit.</span> 
     </span>
    </p>

    <p class='ocr_par' dir='ltr' id='par_1_7' title="bbox 194 4161 1364 4489">
     <span class='ocr_line' id='line_1_35' title="bbox 264 4161 1363 4234; baseline 0.001 -18"><span class='ocrx_word' id='word_1_317' title='bbox 264 4164 303 4205; x_wconf 74' lang='lat'>²⁸⁰</span> <span class='ocrx_word' id='word_1_318' title='bbox 320 4161 361 4217; x_wconf 89' lang='lat' dir='ltr'>De</span> <span class='ocrx_word' id='word_1_319' title='bbox 374 4162 552 4219; x_wconf 68' lang='grc' dir='ltr'><strong><em>δύσεσεσοστίσ</em></strong></span> <span class='ocrx_word' id='word_1_320' title='bbox 563 4181 614 4219; x_wconf 90' lang='lat' dir='ltr'>nos</span> <span class='ocrx_word' id='word_1_321' title='bbox 625 4166 721 4218; x_wconf 89' lang='lat' dir='ltr'>nostro</span> <span class='ocrx_word' id='word_1_322' title='bbox 732 4179 809 4218; x_wconf 88' lang='lat' dir='ltr'>more</span> <span class='ocrx_word' id='word_1_323' title='bbox 826 4163 1011 4234; x_wconf 83' lang='lat' dir='ltr'>exposuimus.</span> <span class='ocrx_word' id='word_1_324' title='bbox 1042 4162 1183 4232; x_wconf 86' lang='lat' dir='ltr'>Quidquid</span> <span class='ocrx_word' id='word_1_325' title='bbox 1200 4162 1229 4218; x_wconf 89' lang='lat' dir='ltr'>in</span> <span class='ocrx_word' id='word_1_326' title='bbox 1247 4161 1363 4218; x_wconf 88' lang='lat' dir='ltr'>eandem</span> 
     </span>
     <span class='ocr_line' id='line_1_36' title="bbox 195 4244 1364 4317; baseline -0.003 -15"><span class='ocrx_word' id='word_1_327' title='bbox 195 4247 364 4304; x_wconf 86' lang='lat' dir='ltr'>sententiam</span> <span class='ocrx_word' id='word_1_328' title='bbox 376 4246 483 4302; x_wconf 88' lang='lat' dir='ltr'>dietum</span> <span class='ocrx_word' id='word_1_329' title='bbox 500 4252 543 4303; x_wconf 86' lang='lat' dir='ltr'>est</span> <span class='ocrx_word' id='word_1_330' title='bbox 559 4248 595 4303; x_wconf 91' lang='lat' dir='ltr'>ab</span> <span class='ocrx_word' id='word_1_331' title='bbox 607 4247 777 4313; x_wconf 86' lang='lat' dir='ltr'>Heinriohio‚</span> <span class='ocrx_word' id='word_1_332' title='bbox 795 4247 872 4317; x_wconf 90' lang='lat' dir='ltr'>quod</span> <span class='ocrx_word' id='word_1_333' title='bbox 888 4248 994 4304; x_wconf 71' lang='grc' dir='ltr'><strong><em>λεολσισ</em></strong></span> <span class='ocrx_word' id='word_1_334' title='bbox 1012 4266 1068 4304; x_wconf 86' lang='lat' dir='ltr'>esse</span> <span class='ocrx_word' id='word_1_335' title='bbox 1086 4247 1168 4303; x_wconf 82' lang='lat' dir='ltr'>video</span> <span class='ocrx_word' id='word_1_336' title='bbox 1186 4265 1219 4303; x_wconf 89' lang='lat' dir='ltr'>ex</span> <span class='ocrx_word' id='word_1_337' title='bbox 1231 4244 1364 4302; x_wconf 78' lang='lat' dir='ltr'>Nitaschii</span> 
     </span>
     <span class='ocr_line' id='line_1_37' title="bbox 194 4330 1364 4404; baseline -0.003 -15"><span class='ocrx_word' id='word_1_338' title='bbox 194 4330 409 4404; x_wconf 84' lang='lat' dir='ltr'>praeparatione</span> <span class='ocrx_word' id='word_1_339' title='bbox 432 4331 609 4402; x_wconf 76' lang='lat' dir='ltr'>indagandae</span> <span class='ocrx_word' id='word_1_340' title='bbox 633 4350 685 4403; x_wconf 88' lang='lat' dir='ltr'>per</span> <span class='ocrx_word' id='word_1_341' title='bbox 704 4331 854 4402; x_wconf 81' lang='lat' dir='ltr'>odysseam</span> <span class='ocrx_word' id='word_1_342' title='bbox 878 4331 1135 4404; x_wconf 61' lang='lat' dir='ltr'>interpolationisfi</span> <span class='ocrx_word' id='word_1_343' title='bbox 1155 4339 1198 4397; x_wconf 84' lang='lat'>11,</span> <span class='ocrx_word' id='word_1_344' title='bbox 1221 4331 1251 4385; x_wconf 90' lang='lat' dir='ltr'>id</span> <span class='ocrx_word' id='word_1_345' title='bbox 1273 4335 1364 4386; x_wconf 88' lang='lat' dir='ltr'>totum</span> 
     </span>
     <span class='ocr_line' id='line_1_38' title="bbox 194 4415 1363 4489; baseline -0.003 -16"><span class='ocrx_word' id='word_1_346' title='bbox 194 4418 235 4474; x_wconf 87' lang='lat' dir='ltr'>illi</span> <span class='ocrx_word' id='word_1_347' title='bbox 253 4420 401 4489; x_wconf 81' lang='lat' dir='ltr'>acceptum</span> <span class='ocrx_word' id='word_1_348' title='bbox 418 4415 515 4472; x_wconf 84' lang='lat' dir='ltr'>referri</span> <span class='ocrx_word' id='word_1_349' title='bbox 531 4417 665 4475; x_wconf 82' lang='lat' dir='ltr'>volumus.</span> <span class='ocrx_word' id='word_1_350' title='bbox 694 4416 750 4473; x_wconf 82' lang='lat' dir='ltr'>Nos</span> <span class='ocrx_word' id='word_1_351' title='bbox 764 4415 919 4472; x_wconf 84' lang='lat' dir='ltr'>Heinrichii</span> <span class='ocrx_word' id='word_1_352' title='bbox 933 4417 1059 4473; x_wconf 84' lang='lat' dir='ltr'>libellum</span> <span class='ocrx_word' id='word_1_353' title='bbox 1076 4434 1218 4488; x_wconf 86' lang='lat' dir='ltr'>nunquam</span> <span class='ocrx_word' id='word_1_354' title='bbox 1237 4415 1363 4471; x_wconf 73' lang='lat' dir='ltr'>vidimus,</span> 
     </span>
    </p>
   </div>
   <div class='ocr_carea' id='block_1_6' title="bbox 0 0 1722 4934">
    <p class='ocr_par' dir='ltr' id='par_1_8' title="bbox 0 0 1722 4934">
     <span class='ocr_line' id='line_1_39' title="bbox 0 0 1722 4934; baseline 0 0"><span class='ocrx_word' id='word_1_355' title='bbox 0 0 1722 4934; x_wconf 95' lang='lat' dir='ltr'> </span> 
     </span>
    </p>
   </div>
  </div>
 </body>
</html>
