3425 4934
466 360 488 411 l.
516 355 665 413 Aristonici
682 356 754 413 liber
772 359 807 414 de
824 359 898 416 notis
916 359 1076 416 Aristarchi.
1332 372 1352 432 5

176 546 272 590 usrim
301 546 381 589 esse.
426 528 458 587 K
478 530 539 593 252
561 520 666 602 οότως
691 523 746 592 καί
766 523 947 611 Δωρόθεος
971 524 1007 592 ἐν
1027 529 1211 619 τριακοστῷ
1232 522 1352 615 πρώτῳ

175 634 237 716 τῆς
258 624 408 721 Ἀττικῆς
434 627 553 711 λέξεως
577 625 668 713 ἀξιοῖ
691 627 833 721 γράφειν
860 637 916 719 (εο.
943 632 1178 722 παροίχωκεν),
1202 632 1264 721 τήν
1291 633 1352 719 μὲν

175 732 310 827 πρώτην
325 736 384 805 διὰ
400 742 458 829 τῆς
472 762 505 807 οι
518 734 720 827 διφδόγγου,
741 739 797 805 τίν
813 739 850 808 δὲ
871 740 1027 829 δευτέραν
1048 741 1105 809 διὰ
1128 747 1188 810 τοῦ
1208 768 1244 826 ιο,
1264 766 1352 828 παρ-

176 842 324 929 οίχωκεν,
347 841 608 929 ἀποτεινόμενος
631 846 742 915 πολλὰ
760 847 847 933 πρὸς
861 843 1088 935 Ἀριστόνικον
1107 848 1163 919 καί
1190 847 1353 938 Τρύφωνα

176 950 289 1035 ὀίλλιες
310 949 512 1044 γράφοντας,
540 953 711 1038 ἐπιδείξας
730 957 769 1025 τὸ
793 950 931 1045 οἴχωκεν
948 955 1065 1030 Ἰακόν.
1106 956 1209 1038 οὕτως
1238 957 1271 1026 δὲ
1296 958 1353 1027 καί

173 1056 404 1141 Ἀπολλώνιος
425 1059 443 1131 ὀ
466 1061 609 1145 τεχνικὸς
630 1056 700 1133 οἶδε
718 1065 778 1155 τήν
799 1059 936 1156 γραφήν.
978 1068 1066 1153 <Hoc
1087 1069 1186 1137 schol.
1207 1092 1352 1155 neqnca

176 1172 310 1238 Lehmic
325 1196 431 1260 neque
446 1173 606 1240 ahentzio
621 1174 706 1240 inter
721 1175 926 1241 Herodianea
939 1180 1114 1260 receptum.
1136 1176 1353 1244 Excluserunt

176 1281 274 1344 etiam
303 1281 403 1346 schol.
432 1282 473 1347 ad
494 1285 531 1343 N
551 1282 635 1365 137.)
675 1281 759 1347 Item
785 1284 826 1348 sd
847 1287 882 1345 N
905 1289 962 1351 137
990 1283 1028 1348 de
1051 1284 1180 1369 spiritu,
1207 1289 1350 1364 accentu,

177 1392 284 1473 etymo
303 1388 452 1454 vocabuli
482 1385 689 1473 ὀλοοίτροχος
713 1411 787 1455 cum
812 1390 885 1456 aliis
912 1392 1156 1457 auctoritatibus
1176 1393 1352 1459 Aristonici

176 1497 371 1563 sententiam
394 1496 487 1562 affert
509 1496 607 1582 (quod
625 1497 770 1564 scholion
791 1497 997 1584 negligenter
1017 1521 1053 1564 ac
1073 1499 1182 1584 potius
1203 1523 1352 1585 perverse

176 1604 405 1689 transcriptum
422 1604 542 1691 legitur
555 1604 606 1670 Et.
622 1603 665 1670 Μ.
681 1628 711 1690 p.
728 1611 798 1685 622,
812 1608 875 1688 39).
897 1643 938 1652 -
960 1604 1049 1684 Quae
1067 1607 1128 1672 hac
1149 1610 1351 1694 paragrapho

177 1712 386 1789 contulimus,
414 1735 453 1778 ea
476 1715 628 1797 putamus
650 1735 690 1778 ex
712 1712 887 1778 Aristonici
909 1715 1147 1779 commentariis
1169 1714 1351 1783 Homericis

178 1820 347 1905 desumpta
369 1842 452 1899 esse,
478 1843 544 1904 quo
570 1821 625 1905 qui
649 1820 746 1885 huius
769 1822 969 1906 grammatici
990 1821 1143 1907 reliquias
1164 1824 1260 1888 nobis
1282 1824 1350 1890 col·
1363 1825 1400 1895 (6)

177 1926 276 1993 lectas
291 1929 367 1993 dare
382 1927 521 1994 voluerit
534 1927 596 1992 alie
610 1927 743 1993 habebit
765 1951 848 2012 qnae
870 1929 998 2008 referat,
1019 1952 1044 1996 e.
1066 1951 1096 2016 g.
1119 1951 1158 1994 ex
1176 1929 1350 1997 Eustathio

177 2038 210 2099 et
228 2034 404 2119 Hesychio.
445 2034 572 2101 Horum
593 2036 900 2101 commentariorum
928 2037 1047 2102 diserta
1066 2037 1203 2103 fortasse
1227 2039 1350 2105 mentio

177 2142 237 2207 fuit
259 2164 298 2207 ec
318 2143 401 2221 loco,
424 2164 488 2227 quo
504 2143 695 2207 Ammonius
717 2143 813 2208 huius
834 2144 1038 2228 grammatici
1060 2145 1169 2229 copias
1191 2145 1351 2211 meminit:

177 2272 207 2334 p·
224 2255 282 2319 103
297 2242 414 2333 ὀλίγον
428 2247 484 2314 καὶ
499 2247 617 2332 μικρὸν
633 2247 801 2337 διαφέρει·
823 2248 862 2318 τὸ
876 2247 937 2333 μὲν
952 2249 1013 2336 γὰρ
1034 2244 1149 2335 ὀλίγον
1170 2244 1222 2317 ἐπ’
1247 2244 1351 2337 ὀριδ·

176 2360 252 2438 μοῦ,
271 2354 312 2423 τὸ
333 2354 370 2423 δὲ
387 2353 508 2443 μικρὸν
529 2353 586 2424 ἐπί
604 2353 773 2442 μεγέθους
790 2350 957 2427 τάσσεται.
975 2352 1202 2443 Ἀριστόνικος
1217 2355 1252 2424 ἒν
1265 2353 1351 2427 ὀπο-

174 2460 321 2553 μνήματι
336 2457 464 2531 ἕκόλεδ
482 2462 537 2529 ἐπί
550 2460 714 2546 στοιχείου
729 2458 844 2554 ὀλίγην
867 2466 985 2554 νησῖδα
999 2464 1189 2556 Καλυψοῦς.
1211 2466 1293 2556 φασί
1315 2464 1352 2533 δὲ

177 2568 297 2652 οὕτως·
328 2567 444 2660 ὀλίγην
469 2570 592 2657 μικρὰν
616 2565 884 2652 ὀπαλλακτικιῦς.
909 2570 1030 2657 τὸμὲν
1054 2577 1131 2659 γοῦν
1158 2569 1275 2660 ὀλίγον
1296 2567 1348 2641 ἐπ’

178 2674 343 2766 ἀριθμοῦ,
376 2679 414 2747 τὸ
442 2679 479 2747 δὲ
502 2677 622 2765 μικρὸν
652 2676 709 2747 ὀπί
736 2677 904 2766 μεγέθους
934 2677 1102 2753 τάσσεται.
1128 2682 1185 2749 καί
1202 2680 1351 2771 Ὅμηρος

176 2785 315 2877 „cippos
343 2784 509 2857 ἀεικέλιον
533 2785 704 2872 παραθεὶς
725 2782 840 2875 ὀλίγην
860 2814 896 2855 τε
916 2784 1102 2877 τροίπεζαν*ι
1123 2795 1154 2875 (ο
1175 2796 1264 2874 259),
1291 2790 1351 2881 τήν

175 2894 306 2981 μικρόν.
339 2898 403 2964 Hic
416 2899 517 2984 igitur
530 2898 621 2964 locus
636 2901 815 2982 corruptus,
836 2903 873 2965 ut
887 2903 985 2984 patet,
1007 2900 1113 2984 possit
1134 2901 1349 2985 suspicionem

177 3030 304 3073 movere
330 3007 388 3072 illo
417 3006 592 3072 Aristonici
618 2999 849 3094 ὑπομνήματι,
884 3029 957 3071 cum
989 3029 1094 3073 sermo
1120 3008 1163 3072 sit
1188 3007 1227 3073 de
1255 3030 1289 3073 re
1315 3008 1349 3073 in

176 3115 357 3182 Homericis
373 3116 470 3180 etiam
485 3113 679 3179 carminibus
693 3115 844 3199 notanda,
862 3115 1127 3182 commentarium
1141 3114 1349 3181 Homericum

176 3224 394 3309 significatum
423 3222 532 3289 fuisse.
581 3222 734 3288 Attamen
772 3223 985 3290 Valckenaric
1018 3223 1257 3289 assentiendum
1288 3223 1350 3288 crit

176 3332 283 3398 locum
297 3333 344 3397 sic
359 3329 543 3396 emendanti
558 3334 600 3412 (p.
618 3333 705 3412 180:
723 3321 950 3414 Ἀριστόνικος
968 3326 1003 3395 ἐν
1017 3323 1236 3418 ὑπομνήματι
1254 3323 1349 3394 Ἑκά-

175 3436 312 3526 eperat
333 3433 444 3518 στίχον

550 3541 665 3634 ὀλίγην
684 3546 804 3632 νησῖδα
824 3545 1013 3636 Καλυψοῦς

174 3651 273 3741 φησίν
286 3650 403 3733 οὕτως·
420 3646 534 3740 ὀλίγην
547 3648 676 3739 μικρόν,
692 3659 751 3723 cet.
775 3656 896 3740 <Aliter
904 3655 1013 3720 locum
1026 3654 1195 3720 restituere
1211 3656 1345 3718 conatus

174 3768 222 3829 est
242 3764 280 3831 0.
303 3763 478 3830 Schneider
499 3763 685 3830 callimach.
706 3763 738 3829 Π
758 3787 789 3849 p.
811 3764 897 3846 672.)

252 3871 340 3938 lllud
362 3868 420 3936 ἐπί
439 3865 548 3951 στίχον
571 3872 648 3937 novi
669 3894 707 3936 ex
728 3869 896 3956 Apollonii
917 3870 977 3935 len
998 3870 1094 3935 Hom.
1117 3861 1348 3953 ὀπιστόμενοςε

174 3975 230 4045 ὀπί
248 3976 360 4060 στίχου
382 3975 418 4044 όν
436 3982 476 4069 τῇ
497 3973 739 4056 ΞὈδυσοείας
764 3982 837 4060 (359
860 3970 980 4063 ἀνδρὸς
1000 3970 1234 4061 ἐπισταμένου)
1256 3971 1348 4061 Ἀρί-

172 4104 310 4171 σταρχος
335 4090 397 4152 τοῦ
419 4081 647 4172 ἐπιστήμονος.
691 4085 786 4165 Quod
810 4089 856 4152 sic
887 4085 1091 4151 scribendum
1118 4087 1179 4163 est,
1206 4107 1285 4164 non,
1311 4089 1348 4151 ut

172 4198 263 4274 solet,
291 4199 451 4262 commate
483 4197 535 4262 vel
559 4199 681 4281 puncto
708 4194 815 4279 posito
838 4200 913 4260 ante
934 4186 1156 4274 Ἀρίσταρχος.
1199 4191 1261 4258 Est
1283 4193 1347 4260 hoc

172 4306 300 4372 brevius
316 4304 437 4369 dictum
451 4326 510 4389 pro
525 4326 564 4370 eo
583 4303 670 4388 quod
692 4308 742 4368 est
763 4303 849 4386 apud
871 4303 1008 4368 eundem
1023 4298 1245 4384 Apollonium:
1267 4320 1347 4383 συμ·

171 4408 292 4503 φερτήι
314 4408 373 4477 ἐπὶ
386 4414 443 4477 τοῦ
457 4406 569 4491 στίχου
589 4404 706 4476 τούτου
727 4407 913 4497 ,μομφερτή
929 4405 957 4473 δ’
973 4404 1070 4497 ἀρετή
1082 4404 1181 4473 πέλει
1202 4406 1348 4491 ἀνδρῶν*
