3425 4934
354 337 395 400 72
437 333 470 388 11.
497 330 538 386 De
556 330 733 387 Aristarchea
749 329 949 387 vocabulorum
966 329 1176 385 Homericorum
1193 330 1438 402 interpretatione.

353 501 472 568 starchi
487 501 668 568 observatio
685 504 943 587 oppugnatorem
957 503 1051 565 nacta
1066 504 1117 565 est
1126 499 1370 581 Buttmannum,
1384 500 1525 567 Gramm.

354 608 407 676 Gr.
425 607 457 674 H
478 632 509 694 p.
524 614 585 678 285
607 609 684 694 (862
706 610 753 674 ed.
768 606 824 692 ll).
862 607 1038 674 Confirmat
1059 608 1145 674 enim
1166 607 1323 692 quosdam
1344 631 1415 675 esse
1435 609 1525 675 locos

352 715 555 800 Homericos,
583 716 701 802 quibus
726 716 838 781 localis
864 714 1040 801 particulae
1067 715 1261 802 significatio
1283 714 1448 800 explorata
1469 718 1526 783 sit:

287 812 382 886 (35λὲ
394 828 454 891 392
475 816 618 906 πρόμολ>
635 810 710 904 ὦδε,
733 845 755 887 α
772 828 830 892 182
851 825 908 887 νῦν
929 815 958 887 δ’
974 809 1040 887 ὦδε
1061 818 1118 902 ξὺν
1139 821 1194 909 νηῒ
1209 819 1408 912 κατήλυθον,
1430 847 1448 908 ρ
1465 832 1525 893 541

350 927 408 995 τὸν
435 930 538 1010 ξεῖνον
560 924 708 997 ἐναντίον
733 916 800 995 ὦδε
824 925 1003 1007 κάλεσσον,
1038 933 1071 995 et
1097 931 1233 997 sirecte
1254 931 1405 998 aestimes
1426 932 1524 997 etiam

352 1039 396 1102 M
414 1043 475 1106 346
500 1024 566 1103 ὦδε
591 1034 653 1122 γὰρ
679 1031 816 1124 ἔβρισαν
835 1031 969 1103 Δαναοί
994 1037 1073 1124 (leg.
1095 1033 1236 1103 Λυκίων
1261 1031 1355 1125 dyst>
1382 1044 1416 1106 et
1441 1043 1464 1121 β
1484 1046 1525 1108 28

351 1151 406 1210 νῦν
428 1141 465 1210 δὲ
486 1138 537 1221 τίς
558 1131 616 1209 ‹ts'
639 1137 766 1233 ἤγειρες
794 1145 859 1213 Sed
879 1146 931 1212 his
952 1146 1067 1224 missis,
1088 1169 1169 1231 quae
1191 1151 1261 1212 tum
1283 1146 1412 1213 demum
1431 1151 1525 1232 pote-

351 1257 429 1319 runt
454 1257 540 1319 recte
565 1254 727 1319 aestimari
750 1254 806 1320 ubi
835 1276 918 1339 quae
940 1254 1105 1340 explorata
1126 1254 1276 1320 dicuntur
1295 1256 1526 1338 pertentaveri-

352 1383 433 1438 mus,
456 1364 522 1426 tres
543 1361 623 1426 istos
644 1360 734 1427 locos
755 1361 967 1447 speculemur.
1014 1362 1076 1428 Hic
1101 1363 1241 1446 primum
1268 1361 1372 1427 dicam
1398 1363 1524 1428 etiamsi

353 1492 392 1535 ex
407 1472 537 1535 centum
552 1472 585 1534 et
598 1467 717 1555 viginti
731 1469 858 1534 duobus
876 1470 956 1535 locis
978 1471 1040 1553 (tot
1060 1468 1200 1536 Seberus
1223 1470 1438 1552 enumerat⁴⁵)
1460 1473 1525 1535 tres

353 1580 476 1655 essent,
505 1576 624 1661 quibus
643 1575 757 1641 localis
778 1576 973 1662 significatio
999 1577 1090 1642 firme
1111 1577 1306 1657 inhaereret,
1326 1582 1436 1643 tamen
1456 1577 1526 1662 ple-

352 1686 462 1769 risque
478 1683 657 1749 Aristarchi
672 1683 930 1751 observationem
944 1685 1145 1770 probabilem
1159 1685 1299 1750 visuram
1314 1685 1400 1751 etde
1421 1685 1526 1751 tribus

352 1792 433 1858 locis
446 1790 635 1857 mirabiliter
651 1791 686 1856 in
701 1791 862 1856 diversum
882 1792 1116 1858 declinantibus
1138 1792 1365 1877 quaerendum.
1399 1792 1526 1860 Deinde

354 1900 382 1966 si
395 1898 601 1965 Aristarchus
619 1898 815 1963 corruas-ium
835 1900 919 1965 tueri
938 1900 1092 1966 voluisset
1112 1900 1199 1966 haud
1219 1899 1316 1985 paulo
1339 1899 1527 1986 diligentius

353 2007 488 2093 negotio
513 2009 664 2091 suscepto
690 2006 895 2092 provisurum
923 2006 1022 2072 fuisse
1050 2030 1146 2092 quam
1172 2008 1260 2086 illos,
1290 2008 1346 2093 qui
1367 2029 1440 2072 cum
1461 2008 1526 2074 isto

353 2114 565 2180 subtilissimo
581 2118 614 2178 et
628 2114 757 2179 assiduo
771 2115 976 2180 observatore
988 2137 1220 2201 nonnunquam
1230 2115 1322 2199 quasi
1336 2137 1410 2180 cum
1424 2137 1526 2200 puero

354 2226 499 2309 egerunt,
521 2243 617 2306 quem
632 2221 747 2287 docere
761 2221 813 2286 vel
828 2222 983 2288 dedocere
1001 2221 1097 2287 ludus
1115 2222 1169 2289 sit.
1204 2220 1320 2308 Neque
1342 2224 1429 2289 enim
1449 2223 1528 2288 talia

353 2329 563 2416 neglexisset,
591 2328 701 2414 qualia
722 2332 799 2393 sunt
824 2330 851 2392 O
874 2334 935 2397 513
955 2329 1006 2396 rel
1026 2332 1061 2393 K
1080 2336 1118 2397 91
1141 2329 1193 2396 vel
1215 2331 1246 2393 Ω
1268 2336 1337 2398 789.
1377 2330 1526 2415 Denique

352 2438 436 2503 hanc
461 2458 530 2501 esse
557 2437 635 2501 boni
663 2440 697 2502 et
725 2435 854 2502 subtilis
879 2437 1065 2522 interpretis
1094 2438 1245 2503 virtutem
1275 2459 1343 2503 non
1372 2438 1526 2523 speciosis

353 2544 546 2630 quibusdam
570 2543 651 2608 locis
677 2542 760 2621 falli,
787 2544 845 2610 sed
869 2543 920 2609 his
942 2544 1021 2628 ipsis
1046 2544 1140 2610 firma
1164 2545 1440 2629 interpretationis
1461 2544 1526 2610 ful·

353 2653 491 2718 cimento
505 2673 544 2716 ex
557 2650 729 2716 manifesto
751 2651 917 2735 scriptoris
938 2673 1000 2716 usu
1015 2674 1177 2737 quaerere.
1214 2652 1300 2731 Quid
1319 2656 1415 2738 putas
1428 2652 1525 2718 Butt

351 2781 506 2825 mannum
527 2759 685 2824 dicturum
705 2757 814 2840 fuisse,
835 2759 864 2825 si
884 2782 902 2844 ρ
924 2767 985 2827 447
1006 2781 1065 2845 pro

726 2858 824 2954 στῆθ’
847 2861 952 2946 οὕτως
972 2862 1007 2944 ἐς
1025 2862 1150 2950 μέσσον

351 2977 466 3059 poetae
488 2996 601 3039 canere
628 2973 779 3040 libuisset
803 2976 860 3038 νῦν
882 2968 979 3062 στῆθ>
1002 2962 1061 3039 oid’
1085 2970 1119 3053 ἐς
1142 2970 1288 3058 assoon
1319 2975 1450 3042 Scilicet
1470 2998 1526 3043 ex-

351 3080 511 3166 ploratum
534 3103 604 3147 esse
629 3081 785 3147 hocloco
806 3083 996 3169 particulam
1018 3070 1084 3148 ὦδε
1105 3084 1287 3171 significare
1307 3121 1350 3131 —
1369 3086 1526 3160 τοπικῶς.

304 3205 335 3255 72
353 3187 404 3253 Tu
437 3191 470 3253 et
499 3187 586 3253 hunc
615 3187 724 3255 locum
754 3189 971 3256 animadverte
997 3193 1030 3256 et
1059 3193 1078 3271 ζ
1101 3197 1162 3260 218
1188 3183 1396 3278 ἀμφίπολοι,
1427 3192 1517 3278 στῆθ

353 3289 438 3361 οὕτω
461 3287 662 3378 ἀπόπροθεν
684 3300 718 3362 et
740 3301 771 3360 (1)
795 3302 853 3366 184
875 3288 954 3362 κεῖσ’
983 3292 1087 3375 οὕτως
1109 3302 1143 3364 et
1163 3323 1183 3385 η
1205 3304 1245 3368 39
1273 3290 1346 3363 ἀλλ’
1369 3291 1428 3363 ἴθι
1448 3299 1527 3387 σιγῇ

351 3404 444 3469 τοῖον
452 3403 496 3481 ⁴⁶,
525 3407 558 3468 et
582 3403 746 3492 intelliges
769 3406 885 3491 qualis,
913 3429 1011 3492 quam
1031 3405 1184 3491 frequens
1204 3411 1237 3472 et
1257 3407 1392 3492 pulcher
1412 3408 1527 3473 harum

352 3511 581 3597 particularum
595 3534 672 3577 usus
687 3535 760 3578 cum
775 3514 973 3600 imperativis
995 3513 1038 3578 sit
1058 3517 1092 3579 et
1110 3536 1208 3599 quam
1227 3515 1342 3580 acriter
1364 3515 1527 3600 castigan-

287 3633 342 3703 (86)
356 3619 415 3686 dus
432 3622 518 3685 esset
528 3618 743 3700 Aristarchus,
757 3621 819 3686 nisi
835 3644 874 3687 ex
890 3621 942 3687 his
956 3621 1145 3686 facillimum
1159 3623 1331 3687 transitum
1343 3622 1526 3701 invenisset„

352 3731 391 3792 ut
409 3730 496 3792 recte
524 3726 721 3814 intelligeret
743 3728 837 3795 haec:
864 3723 1036 3814 Ἥφαιστε
1061 3721 1204 3813 πρόμολ’
1233 3717 1299 3794 ὦδε
1325 3729 1426 3815 (quod
1453 3752 1526 3795 eum

351 3824 460 3909 αότως
494 3855 683 3919 comparans
719 3857 792 3901 cum
823 3835 986 3902 veteribus
1019 3836 1158 3923 explicat
1186 3837 1390 3903 Hermannus
1423 3836 1483 3921 0p.
1511 3835 1527 3901 I

353 4051 454 4107 Zenod.
472 4067 529 4106 non
545 4047 656 4120 scripsit
671 4051 722 4104 καὶ
738 4053 818 4108 κεῖθι
841 4051 891 4107 sed
910 4041 1031 4107 κάκεῖσε
1048 4052 1115 4122 (sch
1133 4054 1207 4124 348);
1237 4052 1313 4123 quod
1330 4053 1423 4124 ipsum
1440 4053 1527 4126 impe·

353 4133 545 4207 ritam,''quae
569 4137 639 4190 haec
655 4133 770 4205 polluit,
788 4153 903 4191 manum
919 4135 1027 4206 prodit:
1051 4135 1153 4192 deinde
1177 4138 1253 4207 quod
1269 4138 1441 4194 Aristonicus
1457 4138 1528 4195 dicit

353 4238 409 4278 non
425 4219 552 4290 seqnitur
569 4237 603 4275 ex
620 4238 646 4275 v.
666 4222 722 4286 348,
740 4221 790 4277 sed
807 4238 841 4276 ex
861 4226 918 4277 359.

420 4306 447 4348 4⁶
464 4304 526 4360 Uno
544 4322 599 4376 quo
617 4323 692 4361 nunc
709 4306 752 4361 est
770 4294 820 4361 ὧδ’
838 4304 993 4361 Aristarchi
1010 4305 1094 4361 lectio
1112 4307 1154 4360 est
1172 4295 1233 4373 ὦκ’,
1251 4310 1267 4377 ζ
1286 4311 1344 4363 289.

419 4392 445 4432 ⁴⁶
461 4386 589 4459 Apollon.
603 4389 655 4447 nh.
668 4391 682 4447 Ι
695 4395 760 4448 1299
773 4379 817 4463 ἦσ’
828 4384 925 4455 αὔτως
939 4383 1067 4462 εὔκηλος.
1087 4390 1115 4445 11
1125 4395 1175 4447 617
1187 4392 1291 4461 μηκέτι
1307 4392 1416 4448 δείδιθι
1433 4398 1527 4449 τοῖον.
