3425 4934
367 303 426 367 166
546 293 594 351 ΠΙ.
622 293 665 349 Do
682 291 837 349 Aristarchi
853 292 970 350 scientie
986 292 1163 364 antiquitati·
1179 292 1351 351 Homericae.

365 459 438 550 ριήν
460 436 493 527 6³
517 458 640 547 ἐπιβὰς
661 460 699 544 ἐξ
719 456 862 545 αἰθέρος
879 457 1004 545 έμπεσε
1024 457 1173 549 πόντηιῑῑ.
1210 462 1283 542 Quo
1297 464 1369 530 loco
1390 463 1538 530 scholion

366 577 429 651 est,
455 573 541 657 quod
563 577 654 658 petel
676 594 714 638 ex
736 572 786 638 his
807 571 954 638 fontibus
979 594 1139 640 manasse:
1170 563 1351 660 ἀναγκαῖον
1376 569 1415 637 τὸ
1442 564 1536 647 έπος,

366 675 420 745 ότι
442 671 521 763 όρος
533 671 710 762 Ὄλυμπος
730 682 822 746 θεῶν
843 671 1035 765 οἰκητήριον
1061 677 1146 744 κατὰ
1166 675 1226 746 τὸν
1246 671 1399 766 ποιητήν.
1440 678 1540 744 Proe-

366 788 459 874 cipue
480 792 559 854 nolu
574 788 691 875 dignus
711 787 766 854 ille
783 787 875 854 locus
897 783 942 869 (Ξ
955 791 1036 870 174),
1056 788 1113 853 ubi
1126 786 1208 855 Iuno
1230 788 1264 853 in
1279 787 1417 873 Olympo
1433 785 1539 853 thaln-

365 918 455 962 mum
469 917 564 962 suum
577 895 725 982 ingresso
739 917 773 961 se
795 898 930 962 exornet
950 899 1184 982 unguentoque
1205 896 1399 963 beneolenle
1421 917 1539 980 corpus

366 1004 497 1091 unguii:

447 1113 507 1177 τοῦ
527 1102 667 1196 (ἐλαίου)
690 1107 747 1176 καὶ
767 1106 958 1193 κινυμένοιο
979 1108 1065 1190 Διὸς
1085 1109 1170 1177 κατὰ
1190 1107 1394 1195 χαλκοβατὲς
1416 1110 1464 1175 δεῖν

448 1213 557 1305 έμπης
577 1214 613 1295 ές
633 1212 732 1303 χαῖύν
748 1240 784 1283 τε
805 1216 863 1284 καὶ
885 1211 1027 1300 οὐρανὸν
1049 1212 1126 1284 ἵκετ’
1151 1212 1271 1308 ἀϋτμή,

366 1329 423 1394 ubi
449 1326 624 1394 clarissime
650 1325 807 1412 Olympus
832 1351 853 1393 ε
878 1327 969 1394 coelo
996 1327 1220 1415 distinguitur:
1252 1321 1284 1413 (ἡ
1309 1325 1427 1412 διπλή)
1453 1322 1540 1410 πρὸς

366 1432 408 1499 τὰ
429 1430 506 1519 περὶ
525 1436 585 1499 τοῦ
604 1425 791 1518 Ὀλύμπου,
817 1428 871 1502 ότι
893 1427 954 1500 ούκ
975 1428 1063 1501 ἔστιν
1085 1430 1104 1502 ό
1126 1428 1226 1513 αὐτὸς
1243 1438 1291 1521 τῷ
1313 1426 1443 1520 ούρανῷ
1461 1427 1541 1500 οὐδὲ

367 1534 473 1619 τόπος
492 1544 553 1608 τοῦ
573 1534 727 1626 ούρανοῦ·
751 1533 809 1605 ἀπ’
833 1535 938 1608 αύτού
959 1536 1021 1626 χάρ
1043 1564 1127 1632 φησι
1146 1540 1205 1632 τὴν
1226 1534 1334 1629 ὀσμήν
1353 1543 1413 1609 τοῦ
1431 1533 1539 1626 μύρου

284 1645 356 1716 (1⁷¹)
368 1641 496 1732 ὁμοίως
508 1646 566 1714 καὶ
580 1642 628 1727 εἰς
649 1642 790 1734 ούρανὸν
811 1642 1035 1738 ἀφικνεῖσθαι
1055 1643 1180 1729 καλεῖς
1200 1652 1269 1736 χήν.
1303 1650 1402 1715 τούτο
1425 1645 1462 1714 δέ
1483 1644 1542 1714 ἐπὶ

367 1759 433 1820 τῶν
461 1749 620 1823 ἀνωτάτω
647 1760 707 1825 τοῦ
736 1750 835 1842 όρους
864 1761 1020 1845 κορυφῶν
1040 1752 1256 1847 συμφωνήσει
1276 1751 1351 1823 ἴσον
1373 1749 1541 1843 όιάστημα

368 1860 427 1930 ἐπὶ
447 1866 508 1949 χήν
529 1862 587 1930 καὶ
609 1859 751 1949 οὐρανὸν
772 1860 964 1949 λαμβάνειν.
999 1868 1072 1934 Ηοο
1095 1868 1185 1934 dicit:
1210 1889 1277 1933 non
1300 1867 1458 1932 absonum
1480 1866 1542 1931 erit

369 1995 408 2039 ex
433 1974 496 2039 hoo
521 1974 593 2040 loco
621 1973 772 2062 colligere
801 1998 821 2040 a
846 1976 980 2041 summis
1002 1975 1132 2061 Olympi
1161 1975 1379 2041 cacuminibus
1400 1974 1441 2039 ud
1461 1995 1540 2039 con·

368 2103 449 2147 vexo
462 2080 545 2147 coeli
567 2083 662 2167 (quse
676 2082 730 2147 hic
743 2081 981 2165 intelliguntur)
1002 2086 1100 2168 elque
1122 2084 1163 2148 ad
1183 2086 1302 2148 terram
1322 2104 1381 2167 per
1400 2081 1540 2168 spatium

369 2188 432 2255 sibi
452 2189 583 2257 finxisse
603 2189 790 2257 Homerum.
835 2188 900 2256 Sed
929 2190 992 2256 hoc
1017 2190 1107 2255 illinc
1133 2190 1345 2257 cerlissimum
1367 2189 1539 2274 Olympum

368 2300 513 2362 montem
534 2320 554 2362 a
574 2297 664 2363 coelo
686 2297 846 2364 diversum
865 2320 943 2364 csse.
979 2298 1060 2365 Oum
1078 2298 1130 2364 his
1146 2298 1209 2364 eliu
1223 2297 1332 2365 omniu
1346 2298 1539 2382 conspirent.

373 2404 403 2469 Θ
416 2411 457 2474 46
471 2393 503 2491 (η
522 2402 642 2488 όιπλή)
657 2399 710 2472 ότι
726 2397 888 2471 οὐδέποτε
903 2395 977 2470 ελπε
990 2403 1153 2492 μεσσηγὺς
1173 2399 1269 2492 γαίης
1288 2427 1325 2470 τε
1347 2402 1405 2469 καὶ
1416 2396 1539 2487 Ὀλύμ-

369 2533 436 2577 που
458 2505 643 2601 νιφόεντος·
677 2504 757 2578 olle
777 2508 833 2577 τὸν
851 2503 1029 2594 ’Ὀλυμπον
1055 2505 1265 2596 ἀστερόεντα·
1299 2509 1456 2599 διαφέρει
1477 2510 1540 2597 μὰρ

369 2612 439 2685 κατ’
456 2611 557 2687 αύτὸν
571 2611 781 2704 ό”ολυμπος
793 2624 852 2687 τοῦ
867 2613 1017 2704 ούρανοῦ.
1053 2623 1083 2687 Θ
1097 2626 1137 2691 68
1152 2611 1240 2707 ήμος
1255 2614 1287 2685 δ’
1302 2612 1419 2708 ήέλιος
1438 2615 1541 2702 μέσον

370 2722 511 2815 ούρανόν
532 2721 776 2818 ἀμφιβεβήκειε
797 2726 830 2817 (ή
855 2728 973 2817 διπλῇ)
996 2726 1049 2796 ὅτι
1071 2721 1236 2796 οὐδέποτε
1255 2722 1462 2813 ένὈλύμπηι
1482 2724 1542 2792 τὸν

368 2833 482 2923 ήλιον,
512 2829 586 2901 ἀλλ’
610 2833 646 2902 έν
674 2829 820 2923 σύρανῷ·
853 2830 915 2903 οὐκ
932 2831 999 2922 ἀρα
1021 2830 1040 2903 ό
1063 2829 1163 2914 αύτός
1182 2838 1231 2922 τῷ
1250 2828 1391 2922 ούρανῷ.
1412 2874 1452 2886 ·—
1472 2838 1540 2903 De-

369 2946 468 3032 nique
494 2946 522 3011 si
549 2945 621 3031 quis
642 2946 739 3012 simul
762 2946 879 3012 (licitum
900 2947 934 3011 in
956 2946 1082 3013 coelum
1103 2945 1228 3012 venisse
1251 2948 1285 3011 et
1304 2945 1339 3010 in
1358 2945 1540 3031 Olympum,

367 3053 431 3120 hoo
450 3053 526 3120 inde
550 3052 773 3139 explicandum
795 3054 884 3139 quod
904 3075 978 3121 cum
993 3054 1122 3141 Olympi
1144 3054 1310 3119 cacumine
1330 3053 1416 3119 ultro
1437 3055 1540 3119 nubes

368 3161 582 3228 extendentur
600 3161 634 3226 in
655 3160 728 3227 illas
749 3160 917 3247 regiones,¹
934 3184 1015 3247 ques
1037 3169 1069 3229 et
1091 3154 1216 3246 αἰθέρα
1238 3165 1272 3227 et
1293 3152 1433 3244 οὐρανόν
1454 3160 1540 3240 dicit,

367 3268 449 3337 illud
468 3269 646 3336 rectissime
668 3269 793 3336 dicilun
832 3271 872 3334 A
891 3275 952 3336 497
971 3260 1068 3355 ήερέη
1095 3262 1126 3333 ‹l’
1150 3261 1251 3355 ἀνέβη
1272 3263 1378 3353 μέχαν
1399 3261 1541 3353 οὐρανὸν

373 3369 554 3458 Ούλυμπόν
574 3400 625 3443 τοι
647 3373 700 3444 ὅτι
721 3372 825 3454 ούτως
845 3370 974 3463 εἴρηκεν
996 3371 1056 3458 ούχ
1076 3370 1122 3454 ὡς
1134 3379 1195 3443 τού
1212 3370 1386 3459 Ὀλύμπου
1406 3368 1458 3441 ἐπ’
1483 3368 1541 3441 ού-

368 3487 471 3570 ρανοῦ
485 3478 589 3571 ὄντος,
610 3478 684 3550 ἀλλ’
701 3482 775 3551 ἐπεὶ
789 3482 846 3551 καὶ
868 3477 904 3549 αὶ
924 3483 1070 3572 κορυφαὶ
1088 3487 1149 3552 τοῦ
1170 3477 1269 3571 ipsos
1288 3478 1371 3570 ύπέρ
1392 3481 1435 3549 τὰ
1457 3479 1540 3572 νέφη

368 3586 465 3658 εἰσίν·
491 3588 510 3660 ό
537 3588 575 3658 δέ
600 3587 683 3677 ὑπὲρ
709 3590 751 3658 τὰ
776 3589 862 3683 νέφη
888 3584 994 3671 τόπος
1021 3586 1161 3678 οὐρανὸς
1185 3590 1337 3658 καλεῖται
1358 3583 1542 3675 ὁμωνύμως

367 3704 416 3787 τῷ
435 3695 624 3787 στερεμνίῳ.
659 3693 748 3767 ἀλλὰ
770 3703 863 3784 (hoec
877 3723 939 3768 vox
957 3706 1116 3789 corrupto,
1137 3701 1289 3768 fortusse:
1309 3696 1367 3764 καὶ
1381 3691 1540 3784 ἀλλαχοῦ)

368 3807 426 3875 καὶ
452 3806 488 3875 έν
513 3802 644 3896 ούρανηῖ
670 3808 727 3876 καὶ
753 3807 789 3875 έν
807 3802 968 3895 Ὀλύμπῳ
994 3805 1164 3894 χεχονέναι
1194 3801 1297 3895 αὐτήν
1318 3804 1418 3892 λέγει.
1458 3808 1542 3875 Item

369 3918 401 3983 Ω
415 3924 456 3987 97
477 3913 563 4005 πρὸς
582 3916 624 3983 τὰ
646 3913 775 4002 πέρατα
797 3914 936 4002 (ιπερὶ)
956 3921 1017 3984 τοῦ
1027 3911 1216 4001 Ὀλύμπου·
1240 3909 1380 4001 οὐρανὸν
1401 3912 1463 4002 γὰρ
1487 3918 1542 3980 νῦν

305 4040 353 4093 168
371 4018 475 4092 εἶπόν
490 4020 622 4109 ὖποβός
635 4046 736 4113 φησιν
748 4028 834 4112 (104)
854 4020 1008 4115 »ἤλυθες
1025 4020 1280 4109 Ούλυμπόνδείῑ.
1318 4034 1376 4096 104
1398 4019 1452 4091 ὅτι
1472 4016 1541 4090 ἀνω

369 4123 461 4199 εἶπεν
484 4127 532 4212 εἷς
552 4127 694 4222 ούρανὸν
715 4127 895 4223 ἀϊχθήτην,
927 4137 983 4199 νῦν
1005 4130 1042 4199 δέ
1063 4126 1299 4214 εἶς’Ὀλυμπον
1320 4129 1543 4219 παραγεγονέ-

369 4254 436 4306 ναι·
465 4236 501 4307 ol
521 4239 584 4327 γὰρ
603 4240 750 4332 κορυφαὶ
769 4246 830 4310 τού
847 4237 1019 4328 Ὀλύμπου
1042 4235 1248 4326 ἐπουράνιοι.
1284 4248 1341 4311 121
1364 4237 1397 4328 (ἡ
1421 4238 1541 4327 ἀιπλή)

369 4343 423 4414 ὅτι
447 4342 552 4415 πόλιν
579 4346 617 4431 ἐξ
631 4342 804 4436 Ὀλύμπου
826 4347 917 4437 λέχει
937 4346 1101 4418 κατιέναι·
1132 4343 1201 4417 ἀνω
1224 4345 1263 4417 δέ
1284 4353 1349 4435 (97)
1371 4341 1543 4433 »οὐρανὸν
