3425 4934
609 336 631 387 1.
655 330 698 387 De
714 329 887 388 accentibus.
1272 343 1331 406 261

156 505 203 587 τῷ
223 490 399 585 καταλόγῳ
420 496 533 587 ψιλῶς
553 492 739 584 ἀνέγνωμεν
760 498 823 578 „ot'
839 491 871 562 τ’
894 491 1026 565 Ἐλεῶν’
1051 490 1164 580 είχσνῑ(
1186 505 1229 582 (Β
1242 508 1332 587 500),·

159 604 244 696 φασί
261 603 324 691 γὰρ
346 597 521 671 κάνταῦθα
535 604 596 694 τὴν
609 603 824 697 Βοιωτιακην
838 596 925 672 εἶναι
937 602 1102 674 πόλινῐῖθ.
1130 608 1219 675 Finis
1237 615 1333 678 uotae

158 716 380 783 Herodianeae
403 715 534 795 excidit,
555 714 612 780 ubi
639 719 808 782 monuerat
829 716 955 782 etiamsi
977 716 1066 782 urbis
1086 717 1211 783 incolae
1229 721 1263 783 et
1284 741 1334 784 ac·

159 824 249 890 colae
268 816 395 887 Ἕλειόν
417 821 563 901 dixerint,
584 827 692 888 umen
712 822 775 888 hoc
797 823 838 888 ad
859 823 1037 889 Homerum
1060 823 1142 889 nihil
1162 826 1333 908 pertinere.

159 931 213 1015 <In
238 930 416 997 Herodiani
443 951 501 995 scr.
524 932 563 995 tr.
582 952 613 1013 p.
631 935 693 998 259
706 928 857 995 Lehrsius
877 929 940 995 hoc
961 930 1028 996 fere
1050 931 1203 999 excidisse
1225 935 1334 999 conie-

158 1040 218 1105 cit:
239 1030 271 1102 εί
288 1034 335 1123 μὴ
359 1032 499 1120 λέγομεν
520 1031 572 1102 ὅτι
594 1029 632 1102 οὐ
655 1031 789 1114 πάντας
811 1032 1024 1123 ἐπικρατεῖν)
1048 1030 1119 1103 ἀπὸ
1140 1041 1206 1103 τῶν
1223 1036 1334 1105 ἐθνῶν

155 1148 273 1232 χρῆσις
292 1140 349 1210 καί
370 1140 429 1211 ἐπὶ
447 1141 509 1229 τὴν
525 1136 709 1231 Ὁμηρικὴν
729 1136 943 1229 ἀνάγνωσιν.)

243 1361 262 1445 ὅ
284 1367 312 1426 7.
353 1359 596 1442 Rectisumum,
625 1360 714 1444 quod
739 1359 801 1425 hac
826 1359 860 1424 in
887 1383 921 1426 re
942 1361 1093 1447 probavit
1113 1363 1279 1445 iudicium,
1299 1367 1334 1431 in

158 1468 272 1554 primia
299 1467 379 1533 mihi
407 1470 587 1552 spectatum
609 1470 659 1532 eet
680 1489 719 1532 eo
740 1467 828 1545 loeo,
850 1489 947 1551 quem
965 1469 1019 1535 hic
1038 1470 1248 1557 suhiungam,
1268 1492 1333 1556 quo

158 1574 256 1642 simul
280 1574 360 1641 mihi
386 1575 471 1640 viam
491 1574 635 1640 muniam
657 1575 698 1640 ad
717 1573 956 1640 Herodiaueam
979 1578 1140 1660 quandam
1161 1601 1272 1645 vocem
1295 1579 1334 1644 de

158 1682 337 1749 Aristarchi
369 1682 555 1750 accentibus
585 1685 671 1749 recte
704 1682 951 1749 diiudicandum.
993 1687 1023 1748 Σ
1052 1690 1092 1753 39
1124 1685 1158 1750 in
1185 1685 1333 1770 catalogo

159 1788 351 1857 Nereidum:

259 1890 332 1965 ἕνθ’
355 1890 406 1984 ἄρ’
425 1891 482 1984 ἔην
503 1890 638 1985 Γλαόκη
658 1920 695 1963 τι
719 1890 850 1964 Θόλειοί
871 1920 908 1963 τι
928 1890 1111 1986 Κυμοδόκη
1131 1922 1167 1965 τι

259 2000 393 2093 Νησαίη
413 2000 528 2072 Σπειώ
548 2028 586 2072 τε
610 1998 680 2092 Θόη
704 1998 740 2070 θ’
760 2000 856 2093 Ἁλίη
877 2027 913 2071 τι
931 2008 1066 2089 βοῶπις
1077 2008 1133 2092 ¹⁷¹,
1155 2012 1215 2075 cet.

159 2107 285 2180 ἐνθάδε
312 2108 470 2200 aeetae
494 2107 513 2180 ό
535 2106 749 2198 Ἀρίσταρχος
773 2111 811 2179 τὸ
838 2107 974 2201 Γλαόκη
1001 2106 1049 2191 εἷς
1074 2107 1255 2203 ἀποφυγὴν
1275 2120 1335 2183 τοῦ

158 2218 357 2289 ίπιθετικοῦ
376 2225 436 2291 τοῦ
452 2218 604 2307 »γλαυκὴ
628 2216 668 2286 δέ
689 2213 717 2287 α’
740 2214 847 2287 ἔτικτε
860 2215 1047 2287 θάλασσα(
1069 2226 1120 2306 (Π
1131 2227 1198 2309 34)·
1219 2220 1276 2290 ἐπὶ
1298 2221 1335 2289 δὲ

157 2334 217 2398 τοῦ
237 2322 438 2419 ,,Νημιρτής
459 2352 495 2396 τε
515 2326 573 2395 καί
590 2320 786 2418 Ἀψεαόήςῑῑ
809 2331 852 2415 (Σ
867 2333 921 2414 46)
944 2321 1006 2396 οὐκ
1027 2325 1211 2417 ἐποιήσατο
1232 2355 1334 2414 μετα-

158 2437 265 2526 βολὴν
284 2433 393 2507 τόνον.

241 2546 319 2615 Non
340 2547 512 2614 cuiuslibet
533 2549 603 2612 erat
622 2546 756 2625 sentire,
783 2545 863 2630 quid
883 2545 969 2612 inter
990 2545 1131 2613 Glaucen
1154 2545 1334 2634 Thoenque

160 2658 333 2723 interesset
358 2660 391 2722 et
412 2656 498 2721 inter
517 2654 576 2720 has
598 2654 694 2736 duas,
720 2675 800 2737 quae
827 2675 847 2718 a
867 2651 1012 2719 Deorum
1038 2655 1235 2722 marinorum
1256 2658 1334 2722 arti·

161 2764 235 2830 ficio
250 2763 445 2830 vaticinandi
463 2755 616 2852 Ἀψεοδη
638 2765 671 2827 et
686 2763 845 2848 Νημερτῆ
866 2766 982 2846 poetae
1004 2762 1109 2829 dicere
1127 2762 1257 2847 placuit.
1290 2765 1336 2830 At

162 2874 300 2940 interest
324 2874 433 2938 utrum
454 2871 501 2937 sic
521 2871 626 2957 fingas
647 2869 781 2936 nomina
800 2872 838 2935 ut
857 2869 1020 2953 propriam
1041 2870 1189 2935 adjectivi
1211 2871 1334 2956 signifi-

160 2982 324 3049 cationem
344 2978 505 3045 audientis
524 2979 632 3044 animo
654 2976 811 3044 insinuari
831 2976 912 3043 velis
933 2999 975 3043 an
996 2977 1043 3042 ita
1057 2982 1094 3043 ut
1107 2978 1142 3043 iu
1156 3001 1245 3044 mera
1258 3002 1334 3064 pro·

159 3089 231 3177 pria
252 3087 379 3153 abeant.
422 3085 476 3154 Sic
500 3085 712 3171 Empedocles
737 3084 952 3151 humanarum
979 3084 1185 3152 affectionum
1206 3091 1334 3153 coetum

161 3218 251 3262 more
273 3217 333 3260 suc
354 3217 412 3280 per
434 3192 621 3280 allegoriam
641 3192 805 3271 inducens,
825 3215 854 3257 v.
881 3200 916 3260 11
940 3193 1016 3279 <393
1035 3190 1168 3277 Stein.>:

262 3294 333 3368 ἕνθ’
356 3291 441 3389 ἦσαν
462 3292 599 3386 Χθονίη
619 3320 655 3364 τε
675 3295 733 3364 καί
746 3292 897 3388 Ἡλιόπη
917 3301 1101 3378 ταναῶπις,

264 3404 371 3497 Δῆρίς
391 3401 427 3473 θ’
451 3401 652 3491 αἱματόεσσα
673 3403 731 3472 καί
747 3400 908 3495 Ἁρμονίη
932 3410 1136 3492 θεμερῶπις,

264 3509 442 3582 Καλλιστιό
462 3508 488 3579 τ’
513 3506 645 3601 Αίσχρη
666 3536 702 3579 τε
726 3507 849 3581 Θόωσά
868 3536 905 3580 τι
923 3511 1055 3603 Δηναιή
1075 3539 1121 3595 τε,
1344 3538 1416 3613 (2⁷4)

265 3619 440 3712 Νημερτής
459 3616 487 3687 τ’
511 3617 649 3709 ἐρόεσσα
668 3616 904 3709 μελάγκαρπός
920 3615 947 3688 τ’
969 3616 1147 3715 Ἀσάφεια.

160 3734 278 3802 Noluit
298 3738 394 3820 poeta
415 3731 629 3819 philosophus
642 3731 788 3818 vulgaria
804 3732 961 3816 quaedam
976 3735 1116 3815 uomina,
1129 3738 1167 3801 ut
1179 3735 1332 3820 frequens
1350 3750 1399 3803 265

161 3846 292 3921 senatus
314 3847 411 3922 esset,
437 3841 604 3922 inducere,
630 3841 687 3905 sed
714 3862 751 3905 ea
780 3862 863 3924 quae
885 3841 916 3905 vi
938 3863 997 3907 sua
1021 3845 1053 3907 et
1074 3846 1189 3908 natura
1210 3842 1335 3908 animos

160 3950 340 4037 legentium
366 3950 478 4015 adres
500 3949 697 4035 significatas
719 3947 884 4014 ducerent.
927 3946 1033 4027 Quare
1055 3949 1211 4017 hocloco
1234 3951 1334 4017 nolim

161 4063 275 4124 auctor
296 4078 366 4122 esse
386 4062 424 4123 ut
444 4053 574 4144 Δηναίη
594 4056 754 4123 scribatur
774 4056 825 4122 vel
844 4048 989 4143 Αίσχρη,
1014 4059 1102 4142 quod
1123 4058 1257 4125 nutricis
1277 4081 1335 4142 ap·

229 4228 268 4272 1⁷⁰
284 4224 397 4281 asech.
415 4223 454 4279 IX
471 4229 538 4291 439„

229 4312 264 4355 171
284 4309 362 4366 Haec
380 4308 535 4365 Aristarchi
556 4307 640 4364 huius
661 4324 755 4363 versus
772 4306 868 4374 lectio,
890 4325 948 4365 ncn
966 4326 1039 4379 quae
1056 4309 1199 4366 Mumellio
1216 4310 1276 4366 visa
1292 4315 1335 4368 est

159 4397 189 4453 in
205 4392 353 4454 sentemiis
370 4393 553 4451 controversis
570 4391 643 4464 (Hal
665 4393 750 4464 18³0),
767 4394 801 4449 ut
818 4396 977 4464 opportuno
995 4397 1123 4466 tempore
1142 4394 1295 4451 ostendam.
