3425 4934
344 336 384 397 70
431 327 464 381 11.
493 326 534 382 Ile
553 325 731 381 Aristarchea
746 324 946 380 uocabulorum
962 323 1171 380 Homericorum
1184 319 1425 392 interpretatione.

344 494 544 583 grammatici
571 516 640 560 esse
669 494 726 560 sed
746 496 871 577 poetae.
910 493 964 558 Ad
984 492 1176 558 imitandum
1196 511 1272 557 vero
1294 488 1454 554 Homerus
1472 487 1513 553 iis

344 624 417 668 cum
435 601 507 667 aliis
527 602 633 687 poetis
647 600 758 666 multis
779 622 845 665 uno
869 599 1046 684 eodemque
1065 599 1139 665 loco
1160 603 1236 675 erat,
1257 597 1319 662 nisi
1341 597 1429 681 quod
1442 596 1513 661 Ho-

343 709 461 775 merica
475 712 509 774 et
522 709 564 774 ad
577 707 765 774 memoriam
778 707 998 791 promtissima
1017 711 1050 772 et
1071 707 1176 772 omnis
1190 704 1385 771 Graecorum
1406 703 1513 788 poesis

343 815 547 902 perviscera
574 816 736 900 serpentia
762 814 861 879 etiam
887 814 974 879 ultro
1000 814 1209 879 scribentium
1231 811 1341 877 stilum
1361 809 1515 877 subibant

344 923 485 1009 saepius:
507 923 596 989 velut
609 923 706 989 hodie
724 922 790 987 fere
811 922 868 1005 qui
889 922 1035 987 scribunt
1056 920 1166 1006 idyllia
1179 919 1348 985 Vossianis
1368 917 1513 983 frustulis

343 1034 509 1116 apparant
551 1029 753 1116 Quamquam
774 1028 985 1094 Alexandrini
1013 1028 1092 1094 haec
1115 1028 1188 1113 ipsa
1208 1026 1423 1092 declinassent
1444 1029 1514 1091 stu·

345 1137 475 1219 ιιιοειιιι,
495 1138 558 1203 nisi
571 1138 606 1202 iu
621 1135 839 1220 antiquiorum
862 1139 1031 1220 poetarum
1052 1134 1133 1200 locis
1153 1132 1205 1201 vel
1226 1134 1441 1218 exprimendis
1462 1133 1514 1199 vel

343 1245 572 1311 adumbrandis
587 1243 782 1311 Graecorum
796 1242 965 1329 ingenium
985 1242 1083 1308 etiam
1104 1242 1282 1326 antiquitus
1303 1241 1427 1326 aliquid
1448 1242 1515 1307 sive

345 1352 507 1419 doctrinae
534 1351 600 1417 sive
620 1350 788 1417 illecebrae
816 1350 1073 1436 quaesivissetll.
1116 1349 1177 1415 His
1197 1349 1369 1415 momentis
1388 1351 1516 1414 constat

279 1456 333 1531 (83)
346 1480 456 1524 eorum
477 1459 628 1524 imitatio:
654 1460 797 1522 attamen
818 1457 870 1522 sui
890 1457 970 1521 iuris
990 1479 1131 1541 suaeque
1150 1457 1265 1523 aetatis
1290 1459 1323 1521 et
1342 1455 1515 1522 voluerunt

345 1588 414 1633 esse
436 1569 470 1630 et
490 1569 592 1631 eraut.
641 1564 822 1630 Homericis
848 1562 1014 1629 vocabulis
1040 1563 1093 1645 (ad
1122 1564 1202 1629 haec
1227 1567 1265 1628 ut
1284 1584 1337 1629 me
1358 1563 1515 1648 referam),

296 1685 328 1734 70
345 1673 519 1738 Homerica
538 1671 768 1738 vocabulorum
789 1670 1025 1758 significatione
1046 1675 1080 1736 et
1100 1674 1261 1736 structura
1281 1692 1348 1736 non
1370 1672 1514 1737 contenti
1551 1752 1553 1761 ,

343 1780 516 1865 longorum
535 1778 737 1845 saeculorum
750 1782 1010 1864 remotarumque
1030 1778 1201 1865 regionum
1222 1778 1390 1844 thesauros
1411 1779 1515 1844 reclu-

344 1887 418 1953 dere
433 1890 466 1953 et
480 1887 542 1971 ipsi
556 1887 693 1951 condere
707 1907 791 1951 nova
806 1889 839 1951 et
852 1885 1021 1951 deflectere
1036 1889 1069 1951 et
1081 1886 1188 1951 laxare
1209 1885 1351 1971 antiqua,
1371 1890 1410 1951 ut
1430 1887 1515 1952 sicut

343 1997 418 2060 ante
439 1993 651 2080 gliscentibus
672 1993 833 2059 aetatibus
861 1993 980 2078 poetici
1007 1992 1163 2058 sermonis
1185 1993 1266 2059 fines
1290 1993 1409 2079 prolati
1430 1997 1515 2074 sunt

342 2101 421 2166 item
442 2123 501 2186 per
525 2100 587 2167 hos
607 2104 766 2167 extremos
788 2099 901 2167 Graeci
927 2101 1077 2166 carminis
1102 2099 1270 2166 molitores
1295 2099 1417 2166 factum
1445 2124 1514 2167 esse

342 2209 533 2273 inveniatur.
580 2207 644 2275 Sed
674 2208 726 2272 his
758 2211 792 2273 et
822 2208 971 2273 imitandi
998 2211 1032 2274 et
1057 2208 1198 2273 novandi
1222 2208 1380 2274 institutis
1405 2213 1515 2274 utrum

344 2316 522 2401 elegantiae
543 2315 750 2400 verimtisque
775 2337 810 2380 se
837 2316 956 2381 linibus
982 2314 1200 2381 continuerint
1225 2338 1267 2381 an
1297 2319 1420 2382 secreta
1446 2338 1515 2382 car·

410 2516 435 2557 ⁴⁰
452 2513 573 2571 Boeclrln
595 2517 687 2586 tragg.
709 2512 755 2569 Gr.
774 2529 797 2568 o
814 2513 873 2568 XX„
893 2544 927 2555 -
945 2512 1021 2579 Dixi,
1044 2512 1171 2570 universe
1194 2514 1245 2570 hos
1267 2515 1365 2585 poetas
1386 2530 1443 2569 non
1459 2514 1515 2570 alio

343 2599 426 2654 modo
450 2596 575 2653 imitatos
597 2614 655 2653 esse
671 2597 824 2654 Homerum
847 2615 932 2667 quam
954 2597 1022 2654 alios
1039 2597 1227 2669 antiquorum.
1264 2598 1336 2654 Nam
1353 2598 1376 2653 si
1394 2598 1461 2669 quid
1480 2615 1514 2654 ex

344 2681 514 2738 carminibus
530 2683 690 2752 aequalium
702 2681 920 2747 transtulerunt,
938 2687 971 2739 ιιι
986 2683 1046 2754 ipse
1064 2683 1203 2753 quaedam
1219 2683 1385 2755 Apollonius
1405 2683 1514 2738 aCalli·

343 2767 442 2822 macho
461 2768 497 2838 (v.
511 2765 697 2821 (lethardium
715 2770 745 2822 et
755 2766 894 2822 Naelrinm
911 2767 946 2823 de
959 2767 1082 2836 Hecale),
1099 2766 1232 2836 Virgilius
1248 2768 1362 2824 honoris
1378 2785 1462 2824 causa
1479 2768 1515 2823 ab

344 2851 425 2907 Gallo
441 2851 528 2923 (Voss
547 2850 584 2906 ad
601 2850 694 2921 Eclog.
707 2852 754 2923 11),
773 2849 802 2905 id
819 2851 911 2906 minus
928 2851 965 2907 ad
982 2869 1042 2907 rem
1058 2854 1182 2906 nostram
1198 2853 1330 2923 partinet
1359 2853 1411 2909 llla
1427 2852 1516 2924 igitur

343 2936 464 2992 imitatio
482 2937 587 3008 duplex
603 2940 659 3002 est,
680 2952 738 2990 una
754 2935 864 3000 stricta,
887 2953 960 3006 quae
979 2936 1064 2991 etiam
1085 2936 1209 3006 integros
1231 2954 1326 2993 versus
1341 2937 1514 3005 transmmit3

343 3024 376 3075 ιιι
398 3021 447 3075 alii
468 3021 505 3076 ab
526 3021 655 3085 Homero,
681 3019 721 3076 sic
743 3019 909 3090 Apollonius
936 3038 970 3076 ex
992 3020 1108 3076 Eumelo
1134 3022 1171 3090 (v.
1188 3020 1332 3078 Weichert
1354 3042 1382 3094 p.
1401 3029 1462 3087 206)
1486 3028 1516 3079 et

343 3103 437 3159 Latini
454 3108 554 3175 poetae
576 3121 670 3158 remus
687 3102 836 3162 Ennianos.
870 3106 967 3162 Altera
989 3108 1042 3169 est,
1066 3122 1137 3175 quae
1158 3122 1276 3161 acumen
1300 3105 1512 3177 doctrinamque

344 3186 455 3257 quaerit
474 3190 505 3243 ιιι
527 3187 678 3258 exemplari
696 3187 883 3255 deflectendo,
911 3207 969 3246 uon
990 3194 1023 3246 ut
1044 3190 1133 3246 lateat
1149 3189 1271 3245 imitatio
1292 3191 1341 3248 sed
1358 3195 1391 3246 ut
1407 3195 1514 3262 pateat,
1550 3260 1555 3268 ,

345 3272 427 3343 quale
445 3276 488 3328 est
503 3272 575 3328 illud
592 3271 715 3343 Oppiani
731 3272 793 3329 Hui
811 3276 837 3328 Γ
853 3279 901 3329 147

277 3360 332 3430 (83)
883 3353 1008 3415 τοῦνεκα
1024 3363 1108 3430 τῇσιν
1125 3351 1333 3431 ἐχαλκεύσανθ’
1351 3359 1450 3432 ἁλιῆες

493 3441 602 3496 καυλὸν
619 3431 665 3496 ἐπ’
685 3434 833 3515 ἀγκίστρῳ
851 3441 1057 3515 δολιχιιτερον,
1074 3438 1185 3517 ἄρκος
1204 3435 1370 3501 ὀδόντων.

343 3524 395 3580 cui
405 3523 502 3595 generi
518 3541 575 3580 non
592 3525 748 3595 putaverim
765 3526 893 3582 absimile
910 3527 1001 3593 fuisse,
1020 3530 1095 3599 quod
1107 3528 1259 3599 Aeschylus
1276 3528 1348 3584 dixit
1365 3529 1516 3601 ἠριγένεια

341 3608 443 3664 λέαινα
456 3608 549 3680 (Hes).
576 3607 682 3665 Similia
693 3610 832 3680 quaedam
849 3612 956 3668 suntin
972 3613 1015 3679 iis,
1033 3630 1106 3684 quae
1117 3613 1276 3670 (lethardus
1288 3614 1427 3670 recensuit
1438 3632 1468 3684 p.
1482 3620 1515 3670 84

342 3710 402 3764 sqq.
426 3692 500 3748 Nam
517 3693 540 3749 si
558 3693 620 3765 quis
636 3712 687 3766 pro
704 3694 853 3752 Homerico
870 3691 965 3754 πάτον
982 3691 1151 3768 ἀνθρώπων
1169 3691 1310 3757 &aarum
1327 3698 1398 3759 dicit
1412 3700 1517 3770 τρίβον

342 3771 510 3849 ἀνθρώπων
527 3777 654 3836 ἀλεείνει
671 3784 708 3852 (p.
721 3783 774 3847 88),
791 3780 815 3835 is
832 3798 889 3837 non
903 3782 992 3838 celare
1003 3783 1100 3838 studet
1117 3784 1311 3848 imitationem,
1329 3784 1377 3839 sed
1396 3783 1463 3837 dum
1475 3783 1517 3839 ita

343 3861 474 3932 exprimit
497 3863 650 3935 exemplar,
672 3868 704 3920 ut
720 3865 875 3921 necessario
893 3869 1073 3935 agnoscatur.
1097 3869 1178 3923 simul
1196 3887 1274 3924 suam
1292 3867 1434 3939 quandam
1450 3886 1515 3923 ven·

343 3945 417 4001 ditat
440 3948 557 4018 copiam.
596 3947 676 4014 Quod
698 3947 752 4003 illis
777 3950 853 4004 haud
876 3967 938 4005 raro
961 3952 1100 4007 contrario
1125 3952 1235 4008 cessisse
1259 3956 1289 4008 et
1309 3971 1360 4024 pro
1384 3953 1516 4008 ubertate

343 4048 479 4102 apparere
496 4032 629 4104 inopiam,
646 4032 703 4088 imo
721 4033 864 4090 adamasse
882 4035 936 4090 hoc
954 4052 1055 4105 geum,
1080 4038 1155 4106 quod
1179 4040 1275 4092 tamen
1292 4055 1358 4107 prae
1377 4037 1455 4093 novis
1472 4037 1515 4093 in·

343 4116 434 4172 ventis
445 4116 555 4172 lucilius
566 4118 616 4182 est,
634 4134 687 4173 nec
700 4117 794 4174 abnuo
805 4136 858 4174 nec
870 4120 1027 4177 sententiae
1044 4138 1123 4177 meae
1141 4123 1314 4178 adversatur.
1343 4121 1399 4177 Sed
1417 4122 1515 4177 eodem

343 4216 444 4270 genere
456 4199 622 4256 imitationis
633 4202 712 4257 extra
723 4202 872 4259 Homerica
889 4221 1000 4274 quoque
1018 4204 1062 4260 usi
1078 4210 1152 4273 sunt,
1168 4209 1202 4261 ut
1219 4225 1253 4262 ex
1270 4205 1365 4261 multis
1383 4205 1420 4260 ad
1432 4206 1515 4276 Apol·

343 4283 412 4423 biiii
428 4285 570 4423 exerlqplqr
586 4286 683 4357 factis,
700 4303 772 4356 quae
790 4287 948 4343 Gerhardus
966 4305 999 4343 ex
1017 4288 1147 4358 Dionysio
1165 4289 1282 4361 aliisque
1299 4289 1455 4362 proposuit,
1474 4289 1514 4344 in·

405 4385 470 4437 gere
509 4386 561 4425 ce.
