3425 4934
362 300 421 364 334
662 290 694 345 V.
718 290 758 345 De
776 289 879 347 criticis
896 291 1048 348 Aristarchi
1067 291 1228 349 rationibus.

362 460 503 546 spuriam
514 459 639 525 censuit
652 459 740 524 illam
753 460 890 525 Achillis
903 462 1081 527 orationem
1096 453 1281 545 οἰνοβαρές,
1298 455 1395 539 κυνὸς
1409 450 1528 541 ὄμματ’

362 563 443 647 iiior
465 570 518 650 (A
539 572 599 634 225
621 570 682 652 sq.)
707 609 747 617 -
775 590 815 634 ne
844 569 941 633 aliam
962 591 1096 654 quaeras
1118 591 1254 635 causam.
1297 566 1342 632 Et
1362 567 1426 632 alia
1447 568 1531 633 eius·

363 676 436 741 dem
463 675 590 759 generis
615 675 828 741 invenientur.
872 675 924 742 Sic
946 679 984 739 Π
1003 681 1044 746 89
1065 676 1209 743 Achilles
1237 676 1277 741 ad
1302 674 1462 760 proelium
1484 674 1532 739 ‹li-

362 783 494 847 mittens
515 780 700 848 Patroclum
722 783 801 848 haec
823 782 901 848 dicit

443 885 488 973 μὴ
514 881 552 953 σά
575 882 601 974 γ’
628 882 769 954 δίνευθεν
791 886 883 973 ἐμεῖο
906 886 1104 956 λιλαίεσθαι
1125 886 1319 974 πολεμίζειν

448 994 559 1082 Τρωσὶ
579 995 894 1085 φιλοπτολέμοισιν·
918 990 1115 1084 ἀτιμότερον
1138 995 1176 1065 δέ
1195 1020 1238 1080 με
1259 991 1394 1084 θήσεις·

443 1096 522 1190 μηδ)
546 1098 819 1189 ἐπαγαλλόμενος
839 1102 979 1193 πολέμηι
1001 1104 1059 1171 καί
1079 1105 1230 1193 δηϊοτῆτι

449 1215 565 1294 Τρῶας
585 1207 799 1297 ἐναιρόμενος
818 1210 918 1300 προτί
929 1207 1035 1279 Ἴλιον
1057 1209 1285 1302 ἡγεμονεύεινε

363 1314 396 1407 (ἡ
424 1318 532 1406 διπλῆ
555 1319 816 1407 περιεστιγμένη)
847 1317 901 1387 ὅτι
928 1314 1116 1408 Ζηνόδοτος
1144 1326 1261 1389 τοῦτον
1292 1315 1431 1384 καὶτὸν
1458 1312 1534 1402 ἑξῆς

360 1419 469 1514 ἦρκεν,
493 1423 658 1516 πεποίηκε
679 1425 716 1493 δὲ
735 1426 839 1507 οὕτως
860 1428 930 1517 ,μὴ
955 1423 1041 1515 σύγ’
1064 1422 1294 1514 ἀγαλλόμενος
1316 1422 1454 1512 πολέμῳ
1477 1421 1533 1488 καί

363 1536 555 1624 δηϊοτῆτι“,
582 1530 622 1601 ἵν’
647 1532 815 1626 ἐπιβάλλῃ
836 1532 857 1625 ἡ
881 1535 1049 1606 συνέπεια.
1092 1531 1270 1622 άναγκαῖοι
1292 1533 1330 1601 δέ
1348 1529 1426 1601 εἰσι·
1454 1554 1533 1599 σκο-

362 1643 428 1722 πὸς
445 1641 508 1729 γὰρ
529 1647 577 1731 τῷ
588 1636 735 1725 Ἀχιλλεῖ
753 1643 800 1732 μὴ
825 1638 1040 1732 άτιμωθηναι
1061 1639 1179 1711 τούτου
1200 1638 1532 1731 κατανημερησαντος.

363 1752 398 1819 si
419 1752 558 1819 dubitari
578 1758 700 1839 posset,
726 1754 804 1820 haec
825 1754 950 1832 ultima,
979 1755 1096 1839 quibus
1119 1754 1350 1830 defenduntur,
1371 1751 1533 1838 patefece-

362 1867 435 1926 rent
456 1883 511 1926 our
533 1860 717 1927 Zenodotus
739 1883 795 1928 eos
816 1861 1026 1942 damnaverit,
1048 1885 1090 1929 sc.
1112 1884 1153 1927 ne
1174 1861 1311 1928 Achillis
1333 1860 1454 1925 invidia
1473 1881 1532 1942 pa·

363 1973 454 2036 teret
494 1969 557 2035 Vel
582 1969 616 2034 in
638 1967 806 2036 Thersitae
831 1993 970 2056 persona
999 1971 1156 2055 quaedam
1184 1971 1214 2036 ei
1241 1969 1377 2035 nimium
1397 1965 1533 2032 ridicula

364 2099 422 2143 nec
442 2077 674 2158 tetenderim,
702 2076 800 2143 schol.
821 2081 851 2140 Β
872 2085 942 2146 227.
964 2083 1034 2146 231.
1082 2077 1238 2144 Videmus
1264 2078 1298 2141 in
1320 2076 1381 2141 hac
1401 2096 1436 2140 re
1457 2073 1533 2138 Ari·

363 2183 482 2250 starchi
504 2184 657 2250 iudicium
679 2184 744 2251 iam
765 2185 898 2251 liberius
919 2186 1032 2252 fuisse:
1065 2189 1207 2251 attamen
1228 2184 1422 2271 quibusdam
1443 2181 1532 2249 simi-

363 2291 449 2359 libus
471 2292 612 2359 offensus
635 2296 698 2373 est,
727 2314 809 2378 quae
829 2292 927 2359 hodie
954 2294 988 2359 in
1010 2294 1145 2360 Homeri
1166 2291 1372 2378 simplicitate
1393 2291 1533 2357 ferimus.

363 2399 408 2465 Et
429 2400 573 2485 quidem,
598 2400 686 2484 quod
711 2401 921 2467 memorabile
947 2405 1008 2483 est,
1033 2402 1107 2487 plus
1134 2401 1260 2466 videtur
1286 2403 1320 2465 in
1349 2400 1398 2464 dis
1420 2397 1533 2464 tulisse

364 2529 459 2591 quam
482 2508 517 2571 in
537 2506 733 2574 hominibus.
775 2487 795 2593 ίγ
818 2514 878 2576 311
901 2509 1056 2574 Alcinous
1077 2510 1118 2574 ad
1140 2507 1279 2574 Ulixem:

447 2609 487 2678 αἲ
501 2607 574 2697 γάρ,
598 2618 662 2679 Ζεῦ
682 2636 718 2679 τε
738 2612 844 2700 πάτερ
866 2612 924 2681 καί
941 2610 1107 2702 Ἀθηναίη
1129 2612 1186 2680 καί
1199 2608 1382 2692 Ἄπολλον,

445 2724 537 2798 τοῖος
557 2716 620 2786 ἐὼν
643 2718 714 2800 οιός
735 2718 808 2788 ε’σσι
828 2722 870 2789 τά
890 2747 924 2790 τε
946 2720 1095 2815 φρονέων
1117 2719 1140 2788 δι’
1159 2716 1186 2788 τ’
1210 2716 1274 2808 ἐγώ
1295 2744 1358 2807 περ

445 2821 554 2894 παῖδά
574 2822 602 2894 τ’
626 2825 708 2917 ε’μὴν
729 2826 844 2915 ,ἐχέμεν
865 2829 923 2897 καί
944 2829 1026 2915 ἐμὸς
1047 2828 1197 2919 γαμβρὸς
1216 2827 1414 2908 καλέεσθαι,
1438 2834 1496 2895 oet

362 2934 440 3015 τοὺς
460 2932 498 3018 ἓξ
513 2930 726 3023 Ἀρίσταρχος
747 2933 895 3019 διστάζει
906 2933 1053 3026 Ὁμήρου
1076 2929 1174 3005 εἶναι·
1197 2933 1228 3004 εί
1243 2936 1279 3004 δὲ
1294 2936 1351 3004 καί
1361 2933 1535 3023 Ὁμηρικοὶ

364 3046 407 3128 (h.
429 3068 456 3110 c.
480 3046 605 3111 etiamsi
627 3046 709 3112 nihil
731 3050 900 3114 continent
919 3048 1007 3134 quod
1029 3072 1047 3113 a
1069 3047 1300 3114 consuetudine
1324 3046 1480 3113 sermonis
1502 3049 1536 3110 et

365 3154 567 3238 antiquitatis
586 3154 776 3221 Homericae
799 3156 991 3239 abhorreat),
1011 3149 1146 3232 εἰκότως
1171 3146 1290 3234 αὐτοὺς
1311 3155 1536 3240 περιαιρεθῇ-

364 3254 421 3324 ναί
442 3282 534 3348 φησι.
578 3265 651 3339 πῶς
675 3260 737 3348 γάρ
761 3256 890 3348 άγιοών
914 3262 973 3329 τὸν
1000 3256 1106 3350 άνδρα
1130 3257 1345 3351 μνηστεύεται
1368 3255 1536 3349 αὐτῷτὴν

301 3381 349 3433 alo
367 3366 553 3453 θυγατέρα,
588 3367 645 3434 καί
676 3362 714 3435 οδ
746 3364 1029 3457 προτρεπόμενος,
1061 3365 1149 3437 ἀλλὰ
1177 3371 1345 3456 λιπαρῶν,·
1382 3370 1538 3439 Similiter

367 3473 385 3555 ζ
402 3482 463 3544 244
484 3473 645 3543 Nausicaa
665 3483 826 3563 precatur:

489 3579 529 3648 αἲ
547 3583 608 3668 γὰρ
631 3582 707 3667 ἐμοί
727 3582 863 3654 τοιόσδε
882 3580 984 3666 πόσις
1004 3584 1204 3676 κεκλημένος
1225 3583 1276 3676 εἴη

490 3684 616 3756 ἐνθάδε
637 3687 809 3781 ναιετάων,
831 3691 890 3761 καί
913 3690 945 3763 οἱ
968 3691 1048 3763 άδοι
1069 3690 1196 3764 αὐτόθι
1215 3693 1366 3780 μίμνειν·

285 3809 354 3881 (355)
367 3790 470 3887 άμφω
484 3796 546 3881 μὲν
559 3793 907 3889 άθετεῖἈρίστορχος.
929 3799 1078 3884 διστάζει
1088 3801 1125 3870 δὲ
1140 3801 1289 3889 περὶτοῦ
1303 3799 1446 3889 πρώτου,
1464 3800 1538 3869 ἐπεὶ

366 3903 424 3972 καί
441 3899 589 3990 Ἀλκμὰν
611 3902 712 3976 αὐτὸν
732 3907 896 3996 μετέβαλε
917 3915 1009 3998 (puto
1023 3911 1196 3998 μετέλαβε,
1219 3913 1385 3979 transtulit
1406 3915 1447 3978 ad
1467 3915 1538 3995 sua)

366 4011 558 4101 παρθένους
583 4012 743 4104 λεγούσας
769 4013 909 4105 είσάγων
931 4025 1023 4100 „Zao
1044 4015 1165 4106 πάτερ,
1194 4016 1224 4087 εί
1246 4020 1307 4107 γὰρ
1334 4018 1414 4104 ἐμὸς
1439 4015 1540 4097 πόσις

367 4116 446 4209 εἴηιι
456 4125 512 4191 241.
533 4163 574 4175 ,-

434 4276 470 4317 ²⁴1
489 4275 618 4332 Alterum
629 4277 714 4335 schol.
727 4278 754 4333 h.
767 4277 784 4333 l.
803 4278 915 4350 incipit:
935 4283 1074 4337 δοκοῦσιν
1091 4280 1118 4337 ολ
1136 4278 1218 4352 λόγοι
1237 4274 1381 4354 αἰτρεντεῖς
1396 4281 1538 4356 παρθένῳ

369 4351 443 4415 εἶναι
461 4362 510 4414 καὶ
528 4354 693 4419 ἀκόλαστοι.
725 4363 799 4421 Plut.
818 4365 881 4419 aud.
899 4384 927 4436 p.
947 4369 999 4419 27·
1018 4363 1045 4420 εἰ
1061 4363 1150 4436 μὲνὴ
1171 4366 1327 4423 Ναυσικάα
1345 4366 1430 4434 ξδνον
1447 4362 1541 4437 ἄνδρα
