3425 4934
636 307 659 359 1.
682 301 725 359 De
742 301 913 362 accentibus.
1296 312 1358 375 275

188 467 304 552 Oratyl.
329 463 398 547 κο’,
436 469 493 553 qui
522 470 632 536 multis
664 471 736 538 eliis
769 471 850 539 locis
881 476 970 538 recte
994 471 1152 538 'scribitur
1181 470 1358 558 Τηλαύγης.

188 567 353 661 Εὖμαθής
378 575 473 643 Dion.
500 577 564 646 iud
592 579 631 644 de
656 578 748 645 Isaeo
775 588 810 661 5,
838 587 868 648 7.
911 580 999 648 Suid
1026 570 1197 661 ἐμποδών,
1225 580 1264 645 de
1293 601 1358 665 quo

188 684 318 748 nomine
345 683 462 749 diserte
490 688 629 751 testetur
653 686 744 756 Eust.
773 711 803 772 p.
835 693 924 756 1628.
971 680 1158 775 Διῖτροφης
1182 683 1359 752 Ρουοοα.1

188 795 240 869 23,
267 796 296 858 2.
320 796 348 858 3.
368 798 397 858 4.
417 801 444 859 5.
486 791 575 860 Suid.
600 817 624 859 s.
651 797 818 862 πυτιναῖα.
861 792 970 861 SchoI.
996 795 1075 862 Avv.
1104 800 1175 863 766.
1216 792 1360 858 Restitu-

188 901 258 962 tum
279 920 365 964 nunc
385 921 496 965 verum
516 902 603 986 apud
625 900 845 987 Thucydidem
869 904 907 984 (v.
929 902 1043 987 Poppo
1065 900 1112 967 III
1133 910 1183 970 75.
1215 900 1277 967 VII
1297 905 1360 984 29),

189 1009 222 1071 et
247 1006 333 1091 apud
362 1006 613 1091 Aristophanem
642 1009 721 1077 Avv.
755 1016 824 1078 798.
856 1017 935 1079 1415
964 1013 1047 1092 (862.
1080 1016 1157 1078 1429
1183 1007 1292 1091 Dind.)
1322 1029 1361 1072 ex

189 1113 289 1181 Suida
309 1136 334 1179 s.
357 1138 384 1182 v.
406 1114 498 1183 Eust.
520 1139 550 1200 p.
571 1122 612 1184 76
635 1117 752 1183 diserte
774 1114 960 1205 Διιτρέφης
980 1111 1104 1202 κύριον.
1138 1115 1256 1182 Mirum
1277 1119 1362 1180 esset

188 1223 216 1287 si
242 1222 336 1289 aliter
355 1222 492 1289 haberet
512 1217 705 1312 Διοτρτφής
726 1228 766 1307 (ν.
790 1226 830 1291 cd
851 1223 953 1291 Thuc.
975 1223 1054 1290 VIII
1073 1228 1142 1307 64),
1167 1244 1361 1310 quamquam

189 1331 223 1395 in
250 1330 313 1396 hoc
340 1330 486 1416 postulat
512 1330 758 1398 thercboscus
784 1332 826 1398 cd
847 1331 1008 1399 Theodcs.
1033 1353 1064 1416 p.
1090 1338 1146 1399 177
1169 1331 1280 1409 caisf..
1305 1332 1362 1417 qui

188 1437 279 1503 locus
299 1438 388 1504 venit
408 1439 444 1503 in
456 1437 719 1524 Etymclcgicum
739 1462 769 1525 p.
784 1446 856 1519 435,
873 1447 923 1509 42.
959 1432 1151 1526 Διοτρεφής
1165 1438 1270 1507 strab.
1285 1437 1361 1507 XIV
1372 1441 1445 1508 (²⁸9)

190 1550 260 1613 659.
303 1540 493 1632 Διοτρέφης
513 1544 589 1611 XIII
611 1552 682 1616 636.
704 1548 796 1632 epist.
818 1546 949 1614 Ioannis
971 1553 1005 1626 3,
1028 1554 1059 1616 9.
1086 1587 1126 1615 .-
1150 1545 1196 1611 Et
1216 1545 1364 1610 similiter

189 1652 242 1718 hic
264 1652 330 1719 illic
350 1654 385 1718 in
406 1652 478 1718 aliis
499 1658 651 1737 peccatur
664 1654 717 1723 ¹⁸⁹.
744 1637 849 1732 'Quae
871 1677 945 1721 vere
966 1654 1080 1741 regula
1102 1653 1255 1720 exemerit
1275 1675 1362 1730 usus,

189 1760 380 1827 Eustathius
403 1760 498 1825 dccet
518 1783 548 1845 p.
565 1767 636 1841 952,
659 1768 697 1830 16
719 1757 772 1826 ὅτι
796 1756 945 1849 Εὐμενής
964 1759 1002 1828 τὸ
1024 1759 1117 1847 παρὰ
1138 1764 1209 1838 τοῖς
1228 1756 1363 1843 ὕστερον

189 1866 313 1952 κύριον,
337 1863 534 1955 περιᾴδτται
554 1864 591 1933 δὲ
605 1863 756 1948 ἐκείνοις,
781 1860 946 1959 φυλάσσει
966 1866 1024 1935 τὸν
1044 1863 1142 1935 τόνον
1161 1870 1221 1943 τοῦ
1242 1863 1363 1933 ἐπιθέ-

187 1999 246 2041 του
268 1970 458 2059 κοινότερον
482 1968 530 2053 ὡς
556 1975 650 2042 δοκεῖ
670 1979 742 2056 τοῖς
762 1975 934 2055 παλαιοῖς.
960 1999 992 2063 p.
1015 1981 1089 2057 583,
1110 1982 1151 2044 32
1170 1974 1209 2041 τὸ
1234 1974 1363 2041 Πυλαι·

187 2080 290 2171 μένης
311 2078 426 2169 κύριον
450 2078 647 2170 βαρύναντας
674 2078 707 2150 οἱ
733 2081 879 2152 παλαιοὶ
904 2079 1055 2171 λέγουσιν
1081 2078 1135 2149 ὅτι
1159 2081 1201 2148 τὰ
1225 2086 1363 2148 τοιαῦτα

187 2185 286 2276 κύρια
319 2182 364 2268 ὦς
390 2187 604 2258 ἒπιπλεῖστον
634 2187 844 2277 βαρύνεσθαι
869 2190 976 2281 φιλεῖ·
1009 2186 1029 2280 ἡ
1058 2187 1172 2274 μέντοι
1199 2186 1364 2278 συνήθεια

189 2296 301 2365 πολλὰ
319 2294 551 2386 παρέφθοιρεν
572 2295 772 2381 ὀξυτονοῧσα
795 2294 841 2377 ὡς
861 2298 899 2366 τὸ
915 2292 1061 2387 Εὐτυχής
1081 2296 1139 2364 καὶ
1158 2295 1197 2365 τὸ
1213 2293 1363 2386 Εὖμενής
1380 2311 1429 2362 279

189 2406 231 2472 τὰ
259 2402 366 2491 κύρια.
405 2407 455 2473 De
478 2400 626 2493 Εὖμενης
653 2409 799 2475 videmur
827 2430 915 2474 nunc
941 2408 976 2472 in
997 2406 1103 2493 Epim.
1125 2406 1221 2473 Hom.
1241 2429 1272 2493 p.
1298 2414 1364 2486 159,

191 2516 247 2601 qui
273 2516 363 2581 locus
390 2514 568 2582 Herodicni
593 2520 705 2581 notam
733 2516 975 2602 explicatiorem
1005 2515 1046 2579 ad
1073 2516 1167 2581 1157
1193 2514 1287 2579 nobis
1312 2537 1364 2579 re·

189 2623 274 2689 ferre
296 2624 464 2689 videbatur
484 2626 619 2708 (quaest.
643 2646 693 2708 cp.
719 2628 800 2708 149),
820 2624 922 2709 ipsius
943 2621 1121 2688 Herodiani
1142 2622 1364 2688 testimonium

190 2731 310 2795 hahere
322 2731 373 2795 ¹⁰⁰.
415 2731 517 2795 Addit
531 2718 785 2812 Choercbcscus‚
806 2732 862 2817 qui
883 2722 1029 2816 Εὐτοχής
1049 2730 1114 2795 iam
1136 2729 1254 2795 diserte
1275 2751 1364 2795 ccm-

189 2836 380 2904 memorsvit
401 2837 441 2902 ad
462 2837 623 2905 Theodec.
646 2863 677 2926 p.
699 2847 740 2919 ,47
763 2839 862 2907 Gaisf.
884 2842 917 2904 et
937 2860 969 2923 p.
992 2843 1064 2918 135,
1090 2836 1148 2903 illc
1170 2837 1271 2903 altero
1292 2838 1364 2903 lucc

191 2945 398 3031 explicatiore
421 2967 452 3029 p.
481 2952 539 3013 177
569 2939 732 3034 Εὐσεβής,
763 2939 925 3032 Εὐμενής,
955 2936 1150 3031 Εὖπρεπήςτ
1181 2945 1237 3029 qui
1265 2945 1365 3024 locus,

190 3053 337 3118 adhibito
353 3052 579 3138 Etymclcgico
594 3052 661 3131 11.,
682 3054 729 3120 Itu
742 3053 913 3120 scribetur:
933 3049 975 3116 τὰ
990 3044 1038 3128 εἷς
1051 3074 1090 3138 ης
1103 3044 1246 3137 λήγοντα
1267 3048 1365 3138 κύρια

192 3152 463 3246 ἀποστρέφονται
483 3159 544 3245 την
564 3152 676 3239 ὀξεῖαν
696 3156 808 3239 τάσιν,
832 3155 983 3225 τουτέστι
1003 3152 1204 3242 βαρύνονται
1224 3152 1249 3247 ἢ
1268 3182 1365 3244 περι-

191 3268 344 3331 σπῶνται
365 3264 713 3354 ...σεσημτιιομένων
734 3272 794 3335 τοῦ
808 3260 956 3355 Εὐμενής
978 3263 1037 3332 καὶ
1057 3258 1203 3353 Εὖτυχης
1223 3265 1281 3333 καὶ
1301 3262 1366 3355 Εὖ·

191 3366 325 3461 πρεπής
349 3372 407 3440 καὶ
427 3374 618 3465 Διστρεφής
637 3375 695 3442 καὶ
712 3371 888 3465 Νημερτής
908 3373 966 3442 καὶ
984 3368 1155 3464 tepescet·
1172 3371 1229 3440 καὶ
1248 3377 1309 3440 τοῦ
1330 3371 1365 3440 ἐν

191 3484 233 3570 τῇ
261 3478 424 3573 συνηθείᾳ
458 3480 637 3568 λεγομένου
665 3479 852 3571 heuneus·
890 3487 991 3548 ταῦτα
1017 3481 1079 3568 γὰρ
1094 3476 1251 3548 ’ἐπίθετα
1279 3473 1366 3570 ἦσαν

193 3586 251 3654 καὶ
265 3581 426 3669 α’νξύνοντο
441 3588 498 3657 καὶ
520 3588 643 3660 λοιπὸν
663 3586 821 3677 γενόμενα
843 3585 943 3678 κύρια
963 3588 1024 3679 τὴν
1045 3584 1149 3678 αὐτὴν
1167 3587 1262 3656 τάσιν
1282 3586 1366 3679 ἐφύ-

262 3772 300 3815 ¹⁸⁹
315 3773 431 3831 Potesut
441 3773 597 3833 Ellendtiuu
608 3792 693 3842 meus,
712 3775 821 3833 etiamsi
837 3775 951 3832 deficIat
970 3773 1049 3832 codd.
1068 3773 1228 3843 auctoritas,
1245 3774 1366 3832 scribere

196 3858 375 3923 ΠσλυεΙδσυς
391 3863 452 3916 Arr.
470 3861 512 3916 111
531 3867 570 3919 19.
591 3866 630 3918 11.
820 3905 822 3909 -

263 3944 301 3989 ¹⁸⁰
317 3942 393 3998 Libn'
410 3945 499 4001 nostri
515 3945 634 4002 variant.
663 3945 708 4002 Sic
727 3947 803 4018 cpud
820 3946 975 4003 Di0dorum
992 3944 1106 4018 (XVIII.
1125 3945 1200 4016 XIX)
1219 3962 1295 4001 nunc
1311 3946 1365 4003 Et·

186 4027 295 4098 μένης,
317 4045 488 4098 quamquam
507 4030 554 4085 hic
570 4029 628 4085 illic
645 4048 680 4087 ex
697 4031 777 4087 codd
800 4034 829 4086 et
846 4034 915 4086 vett.
934 4030 997 4087 edd.
1020 4033 1136 4085 notatur
1157 4030 1213 4100 legi
1230 4035 1366 4101 uxytonos

181 4113 232 4179 (ν.
250 4112 288 4167 ud
305 4113 399 4168 XVIII
420 4120 444 4169 9.
465 4116 527 4184 28).“
553 4115 624 4170 Item
645 4131 691 4186 up.
714 4116 892 4171 Athenaeum
913 4118 1004 4185 (6751.
1027 4120 1106 4171 6891.
1128 4116 1247 4185 44561).
1277 4114 1367 4170 Strcb.

194 4197 260 4252 XIV
273 4202 322 4254 769
340 4214 374 4252 ex
385 4197 476 4264 Μοοο,
494 4198 562 4254 item
575 4198 710 4255 11111672.
724 4204 782 4256 665.
805 4199 891 4270 Apud
903 4199 1054 4255 Amanum
1068 4198 1197 4270 Εὐμενής
1207 4201 1244 4270 (ν.
1254 4198 1368 4255 Ellendt

195 4281 247 4336 VII
266 4287 294 4348 1,
314 4285 349 4353 7).
385 4282 459 4337 Item
474 4281 564 4337 Strcb.
583 4283 637 4339 XII
654 4289 712 4339 567.
748 4281 903 4354 Episcopus
924 4281 1056 4353 Εὐμενής
1076 4280 1177 4338 Ruseh.
1198 4284 1225 4341 h
1244 4283 1310 4337 ecel.
1328 4282 1367 4338 IV

195 4375 217 4422 5.
236 4369 272 4422 II.
290 4398 324 4409 -
342 4364 471 4438 Εὐτυχης
487 4385 545 4422 non
561 4367 676 4422 memini
693 4383 738 4421 me
755 4368 838 4425 uliter
854 4368 956 4438 legere.

1107 4452 1158 4510 18‘
