3425 4934
546 323 570 374 1.
598 309 946 387 sacracramenti
965 311 1065 389 ἔμπης·
1334 328 1391 388 141

298 486 318 570 ὅ
339 491 367 552 2.
402 483 463 550 Ille
491 484 598 550 omnis
618 488 686 550 tam
708 487 844 572 egregia·
860 489 950 565 sunt,
970 485 1110 552 tam-vel
1131 485 1290 572 perfectae
1313 487 1390 552 doc·

216 591 319 656 trinae
340 591 555 672 satisfaciunt,
574 596 612 657 ut
633 593 778 660 scribens
797 616 850 658 me
871 594 941 679 ipse
962 592 1204 679 reprehendam.
1247 591 1389 659 Nullane

216 699 346 765 suntin
368 699 430 765 hoc
450 699 582 766 homine
602 700 741 787 vestigia
762 701 845 778 eius,
868 723 932 785 qus
952 701 1044 785 vixit,
1064 702 1180 767 aetatis
1202 701 1389 786 grammati·

217 827 336 891 casque
357 806 624 894 imperfectioris?
649 807 780 875 Gaudeo
803 829 888 886 esse,
907 829 982 873 nam
1003 809 1031 873 si
1052 808 1143 874 nulla
1163 813 1280 892 essent,
1300 826 1390 875 vere-

217 936 268 981 rer
287 936 328 980 ne
349 913 464 980 falsam
485 915 545 980 viri
566 915 740 1001 imaginem
760 915 945 1001 legentibus
959 937 1183 1002 proponerem.
1212 908 1392 994 ἀάπτους

215 1023 326 1109 χεῖρας
347 1021 503 1108 explicuit
524 1018 636 1100 δεινὰς
655 1018 713 1088 καὶ
733 1016 923 1108 ἆπτοήεους
937 1022 1069 1105 (Herod.
1083 1025 1125 1090 sd
1138 1029 1177 1089 A
1192 1028 1274 1108 667).
1309 1024 1391 1090 Mihi

218 1153 284 1197 non
312 1130 451 1217 contigit
478 1128 676 1215 intelligere,
708 1131 785 1216 quid
812 1130 984 1216 plerosque
1013 1135 1136 1198 veteres
1163 1133 1391 1217 grammaticos

216 1237 427 1323 prohibuerit,
449 1259 513 1323 quo
529 1237 636 1303 minus
651 1260 721 1304 eam
737 1237 992 1324 exphcationem,
1008 1261 1105 1322 quam
1124 1261 1210 1305 nunc
1227 1240 1393 1325 sequimur

218 1367 343 1426 omnes,
378 1344 595 1412 admitterent.
644 1344 729 1412 Nam
764 1350 799 1412 et
832 1344 1017 1427 Zenodotus
1052 1346 1169 1412 dicitur
1199 1346 1391 1433 explicuisse

218 1445 352 1537 ἰσχυράς
374 1456 408 1519 01
427 1452 661 1538 Aristophanes
683 1446 828 1531 ἀίπεους
849 1453 1015 1541 scripsisse
1038 1458 1071 1520 et
1092 1453 1295 1521 Herodianus
1319 1454 1456 1523 0011111

218 1553 371 1638 ἀάπτους
398 1583 468 1627 esse
494 1583 553 1647 pro
584 1552 758 1638 ἆϊάπτους.
807 1559 903 1638 Quod
935 1551 1103 1647 ἀποίητος
1133 1561 1288 1647 explicuit
1315 1562 1391 1627 Ari·
1453 1554 1455 1557 ⁵

219 1668 379 1750 elenchus,
400 1669 434 1734 id
454 1669 551 1735 simul
572 1690 611 1735 eo
634 1667 796 1747 effectum,
818 1670 907 1753 quod
928 1691 1000 1735 cum
1021 1673 1092 1735 tota
1113 1669 1306 1755 antiquitate
1327 1669 1473 1745 10001141)

219 1776 315 1841 modo
343 1777 499 1843 vocabule
520 1776 679 1843 decurtari
700 1796 795 1860 posse
816 1776 952 1861 putavit.
995 1776 1049 1844 Sic
1068 1777 1126 1862 qui
1147 1777 1213 1843 0101
1241 1771 1391 1860 πρόμοι

219 1885 305 1970 apud
317 1883 505 1965 Homerum,
526 1884 560 1949 id
581 1882 660 1950 locis
682 1887 797 1969 poetes
816 1887 963 1949 eccurste
977 1884 1143 1970 perpensis
1158 1888 1192 1950 et
1205 1885 1392 1970 compositis

218 1993 394 2077 perspexit,
428 1992 485 2058 sed
512 1992 630 2057 0110011
659 1992 746 2077 quod
777 2013 819 2057 010
841 1983 1013 2075 πρόμαχοι
1038 1992 1238 2057 decurtatum
1266 1993 1392 2079 putavit

220 2101 260 2181 (v.
282 2121 380 2186 supra
399 2094 549 2184 πρόμοι).
582 2097 637 2165 -111
661 2099 696 2164 10
722 2120 863 2184 syncope
884 2099 985 2164 sicin
1006 2120 1159 2185 apocope.
1207 2104 1238 2162 Φ
1262 2106 1320 2168 162
1341 2101 1392 2166 001

219 2207 250 2269 Ε
268 2213 330 2276 666
352 2207 452 2291 (Ηο0.)
480 2198 652 2293 01110ροήο
684 2198 898 2291 Ἀρίσταρχος
922 2197 1105 2296 ἀποκοπὴν
1125 2196 1211 2272 εἶναι
1232 2204 1390 2291 βούλεται

218 2316 278 2379 coci
301 2307 503 2402 ὁμαρτήδην.
525 2355 565 2366 -
579 2308 706 2379 ’Ύπαι
726 2335 894 2400 apocopen
916 2336 986 2380 0000
1008 2336 1047 2380 011
1067 2310 1205 2380 ὕπαιθα
1226 2313 1389 2401 Tyrannio

220 2421 317 2488 schol
343 2423 420 2491 04.
454 2421 537 2488 Item
559 2421 755 2509 Apollonius
777 2421 816 2487 de
838 2422 907 2489 cdv.
927 2445 958 2507 p.
981 2427 1041 2490 567
1065 2424 1234 2489 ostendere
1256 2426 1391 2489 conatur

219 2520 269 2616 ῥᾴ
295 2550 461 2615 apocopen
487 2552 558 2596 esse
588 2552 627 2596 er
653 2522 785 2618 ῥᾴδιον,
814 2532 881 2613 βρῖ
907 2551 946 2595 ex
965 2526 1129 2614 βριθέως,
1150 2525 1229 2617 ,pice
1250 2528 1314 2616 γὰρ
1335 2527 1392 2595 καί

219 2630 282 2704 clo
302 2635 476 2721 συλλαβῶν
497 2631 675 2704 ἀποκοπαί
695 2631 853 2722 γίνονται,
877 2632 913 2702 ἐν
932 2639 980 2723 τῷ
1000 2634 1077 2722 περὶ
1097 2640 1224 2703 παθῶν
1244 2633 1391 2726 ἐδείχθη.

218 2737 257 2810 τό
277 2766 314 2811 re
333 2742 397 2831 γὰρ
418 2735 710 2832 πρόπαρόίναις
729 2738 796 2827 ἔχει
817 2741 934 2810 καὶτὸ
955 2742 1101 2831 μάκαρ,
1127 2739 1249 2833 nuci,
1275 2742 1391 2812 καὶτὸ

218 2845 313 2935 ὑμίν
333 2850 427 2939 παρὰ
449 2845 693 2940 Καλλιμάχῳῑί.
735 2852 863 2933 Plures,
888 2875 970 2938 quos
991 2852 1197 2919 Herodianus
1216 2854 1337 2920 refutat
1357 2855 1392 2921 in

220 2961 317 3028 schol.
338 2964 369 3027 P
385 2967 457 3042 261,
477 2950 500 3025 ἆ
523 2954 620 3026 δείλ’
643 2963 845 3027 decurtatum
860 2960 1012 3027 volebant
1032 2984 1072 3028 ex
1093 2952 1115 3028 ἆ
1137 2956 1274 3028 deitate.
1303 2961 1391 3028 Haec

219 3092 304 3136 nunc
329 3070 503 3137 sufficiunt
544 3067 673 3154 Duplex
701 3092 722 3134 α
748 3069 876 3136 videtur
899 3091 1100 3154 comparasse
1127 3092 1199 3136 cum
1221 3061 1400 3150 iicxnoc

219 3177 369 3244 Ceterum
390 3171 577 3255 0111οπ0ος
599 3170 777 3265 insuper,
802 3179 849 3243 sic
869 3170 1052 3265 ἆπεοεπή
1058 3200 1075 3256 ς
1096 3178 1273 3244 0101110100
1291 3177 1391 3243 101000

219 3278 388 3373 ἀποίητος
409 3281 445 3351 ἐν
465 3279 571 3363 ἔπεσι,
596 3290 752 3370 quantum
775 3286 956 3372 intelligere
969 3287 1048 3353 licet
1061 3308 1100 3352 ex
1114 3286 1180 3354 sch.
1200 3288 1314 3365 6269,
1334 3285 1390 3351 ubi

218 3395 393 3461 Aristonici
414 3394 561 3462 scholion
583 3397 633 3460 est
652 3393 695 3459 sd
714 3391 901 3483 pacorum,
925 3394 964 3462 cl.
986 3394 1078 3461 11001
1100 3419 1131 3479 p.
1153 3400 1222 3474 709,
1246 3401 1292 3461 16.

299 3503 459 3570 Accedam
480 3503 521 3567 sd

730 3602 873 3696 ἔμπης

301 3716 334 3785 Ξ
354 3728 368 3787 1
392 3715 546 3803 Νέστορα
568 3712 600 3782 δ’
624 3709 686 3782 οὐκ
707 3711 831 3782 ἔλαθεν
850 3709 926 3800 ἰαχὴ
950 3709 1091 3782 πίνοντά
1104 3739 1167 3803 περ
1183 3709 1303 3804 icccc:
1323 3718 1389 3785 sch.

219 3824 272 3892 BL
299 3818 505 3904 ἀκολάστως,
538 3819 637 3913 φασί,
667 3825 725 3890 καὶ
753 3817 800 3902 ὥς
825 3821 978 3908 μέθυσος
1001 3818 1102 3890 πίνει.
1145 3816 1229 3904 τάχα
1255 3816 1390 3892 οὖντὸν

220 3936 366 3999 κυκεῶνα
393 3929 504 4000 πίνειν
532 3929 646 4023 φησίν,
676 3923 715 4010 ὃς
743 3922 808 4013 εἶχε
832 3929 890 3998 καὶ
914 3922 1014 3998 οἶνον.
1055 3928 1142 4010 τινὲς
1167 3928 1205 3997 δὲ
1226 3926 1390 4012 στίζουσιν

220 4034 268 4119 εἷς
287 4038 325 4108 τὸ
347 4035 434 4131 ἰαχή,
456 4039 515 4108 καὶ
534 4039 572 4107 τὸ
595 4036 668 4129 ἑξῆς
689 4037 804 4119 οὕτως,
828 4032 916 4104 ἀλλὰ
938 4036 995 4105 καὶ
1015 4036 1102 4123 πρὸς
1113 4036 1172 4104 τὸν
1182 4033 1389 4127 Ἀσκληπιεί·

287 4296 333 4337 sos
351 4292 466 4361 (Totum
482 4292 557 4348 inter
574 4288 749 4347 Aristonicea
764 4288 872 4361 recepit
888 4288 1086 4346 Friedlaender
1102 4305 1132 4358 p.
1153 4292 1216 4352 111,
1237 4287 1286 4343 ubi
1305 4288 1388 4344 lehr-

218 4377 275 4434 sius
292 4376 329 4433 de
345 4377 480 4435 vocabulo
500 4380 649 4448 ἀπτοεπὴς
664 4375 791 4446 pluribus
808 4374 960 4445 disseruit.)
