3425 4934
360 339 417 400 172
537 332 587 387 ΠΙ.
610 331 652 388 De
668 331 821 388 Aristarchi
840 329 960 388 scientia
974 329 1156 401 'antiquitatis
1167 329 1340 387 Homericae.

235 533 241 542 ·
356 499 401 564 im
416 498 532 584 Olymp
553 499 787 586 vielbewegten
801 500 903 586 Krieg
923 522 963 565 zu
985 520 1126 586 erregen,
1146 499 1269 566 welche
1291 498 1353 565 den
1368 500 1450 565 Oeeo
1470 497 1528 563 suf

357 608 419 672 den
442 607 556 693 Olymp
578 630 617 674 zu
639 611 747 673 setzen
769 608 943 674 vorhetten
969 607 1036 674 und
1056 607 1115 672 suf
1133 608 1195 673 den
1217 607 1299 673 Osse
1320 607 1383 671 den
1403 605 1523 685 Pelion,

356 738 410 780 um
438 715 506 781 sich
528 715 590 782 den
610 715 753 782 Himmel
775 717 953 804 ersteigbor
980 739 1020 781 zu
1049 715 1213 781 mechen.“
1250 714 1367 781 Utrum
1388 705 1524 777 ἀθανά-

355 843 427 899 τοις
447 818 482 886 ἐν
500 815 662 908 Ὀλύμπῳ
681 823 757 904 ,Dis
777 825 812 889 in
828 824 966 909 Olympo
987 823 1207 889 versantibus“
1228 823 1405 909 coniungas
1427 844 1468 887 en
1489 816 1524 884 ἐν

353 921 529 1017 Ὀλύμπῳ,
556 931 590 997 in
617 953 682 1017 quo
703 932 834 997 initium
855 933 986 1018 quidem
1008 931 1084 999 belli
1105 931 1225 996 moturi
1247 936 1335 1009 sunt,
1356 931 1398 996 od
1418 920 1523 1017 φυλό-

355 1036 441 1101 πιδα
455 1032 588 1125 στήσειν
605 1039 714 1106 trahas
731 1039 854 1106 adrem
869 1039 950 1105 nihil
964 1039 1082 1106 differt:
1103 1060 1212 1104 versus
1234 1041 1395 1104 structure
1416 1037 1522 1124 potius

354 1145 433 1211 illuc
448 1147 546 1213 ducit.
581 1147 815 1214 Describuntur
830 1152 868 1213 ut
880 1146 1003 1214 bellum
1020 1147 1102 1213 illud
1116 1146 1194 1213 olim
1208 1146 1270 1212 sibi
1287 1146 1524 1231 suscipiendum

354 1254 461 1320 animo
476 1255 606 1322 volvont
620 1260 653 1322 et
667 1278 759 1322 casus
775 1259 808 1321 et
828 1259 918 1321 octus
940 1248 1127 1332 πολυάϊκος
1147 1248 1324 1334 πολέμοιο.
1360 1253 1424 1319 Per
1442 1252 1524 1318 illud

347 1352 475 1426 Ὄσσαν
496 1354 547 1426 ἐπ’
569 1357 740 1448 Οὐλύμπῳ
762 1384 828 1428 non
843 1363 884 1427 ed
905 1385 1022 1429 novom
1041 1384 1110 1427 rem
1130 1361 1302 1427 transitur:
1324 1361 1381 1427 sed
1402 1382 1440 1425 ex
1460 1358 1524 1425 illis

355 1470 482 1536 casibus
509 1475 542 1536 et
562 1471 688 1537 cotibus
710 1493 793 1536 unus
814 1471 952 1536 maxime
975 1470 1171 1537 admirabilis
1192 1470 1363 1555 praecipue
1384 1489 1524 1534 comme-

354 1581 513 1643 moratur:
541 1579 628 1663 quod
656 1578 784 1664 egregie
811 1579 849 1644 fit
873 1569 1074 1655 ἆσυνόέτωςε
1102 1576 1159 1643 ille
1176 1568 1305 1642 ''Oooov
1326 1580 1359 1642 et
1380 1575 1525 1662 proxima

354 1707 432 1751 voce
447 1685 545 1770 paulo
567 1684 700 1751 elatiore
722 1685 825 1771 legas:
848 1720 888 1730 -
910 1689 960 1751 est
980 1689 1088 1751 nutem
1109 1686 1171 1752 isto
1193 1706 1294 1764 ossus,
1315 1683 1342 1750 si
1363 1684 1398 1748 in
1413 1682 1524 1767 Olym·

355 1816 433 1879 pum
454 1794 534 1859 enisi
555 1793 656 1872 Deos,
687 1796 724 1858 ut
744 1793 836 1879 impii
857 1796 891 1858 et
910 1797 1033 1860 toroces
1054 1793 1196 1877 fingunt,
1223 1793 1346 1877 impetu
1363 1792 1448 1856 fecto
1471 1791 1523 1856 de·

355 1900 527 1986 pulissent,
552 1901 602 1966 Di
622 1904 730 1966 autem
757 1902 798 1966 od
823 1901 940 1967 altiore
965 1900 1045 1967 coeli
1071 1899 1306 1986 confugissent,
1334 1902 1372 1965 ut
1391 1921 1432 1964 ne
1454 1902 1523 1963 tum

356 2008 487 2093 quidem
502 2009 699 2093 desperaturi
712 2007 764 2073 vel
780 2009 928 2074 destituri
949 2009 1022 2088 sint,
1037 2008 1094 2076 sed
1107 2008 1272 2074 montibus
1287 2028 1384 2093 super
1396 2008 1523 2072 montes

355 2115 515 2202 impositis
537 2117 577 2181 ed
598 2116 704 2201 ipsum
725 2115 851 2181 coelum
873 2139 1041 2183 ascensum
1061 2115 1203 2202 paraturi
1227 2118 1260 2181 et
1287 2114 1407 2181 bellum
1428 2136 1523 2180 reno-

355 2223 469 2290 vaturi.
491 2222 537 2289 Et
549 2224 676 2290 videtur
689 2223 769 2289 mihi
783 2225 846 2290 hoc
861 2247 992 2310 prorsus
1005 2225 1046 2291 ed
1061 2223 1151 2290 illem
1165 2224 1332 2309 antiquam
1344 2223 1524 2289 fabularum

355 2330 591 2415 simplicitatem
618 2332 744 2408 fictum
774 2336 807 2397 et
833 2337 954 2417 quanto
981 2332 1061 2398 haec
1080 2333 1224 2399 Deorum
1249 2331 1329 2418 sugo
1349 2330 1523 2416 simplicior
1655 2409 1662 2418 .

355 2460 451 2523 quam
471 2438 529 2504 ille
548 2439 719 2505 artificiose
741 2440 933 2524 excogitata,
954 2462 1027 2506 cum
1046 2441 1090 2506 Di
1104 2439 1296 2526 Typhoeum
1317 2439 1467 2504 timentes
1488 2439 1522 2504 in

354 2548 539 2631 Aegyptum
553 2546 746 2632 confugiunt
761 2549 857 2632 etque
876 2548 911 2613 in
924 2548 1102 2615 bestiarum
1115 2549 1235 2614 formes
1250 2570 1284 2614 se
1298 2549 1523 2626 transmutent,

355 2654 445 2720 Ovio
467 2653 544 2719 Met
565 2652 597 2718 V
618 2659 676 2721 321

477 2760 705 2846 Emissumque
726 2762 790 2829 ima
811 2763 850 2829 de
872 2764 946 2829 sede
967 2761 1123 2848 Typhoia
1139 2769 1243 2831 terrae

478 2869 656 2937 Coeliubus
677 2870 791 2937 fecisse
813 2875 936 2937 metum
957 2875 1154 2958 cunctosque
1177 2872 1301 2938 dedisse

477 2975 585 3063 Terga
607 2979 712 3066 fugae,
735 2980 837 3046 donec
858 2979 986 3045 fessos
1007 2980 1170 3066 Aegyptia
1190 2980 1287 3046 tellus

479 3086 608 3171 (leperit
629 3090 663 3152 et
683 3090 806 3172 septem
830 3087 986 3154 diseretis
1006 3087 1042 3151 in
1063 3088 1146 3154 ostiu
1166 3086 1269 3154 Nilos.

477 3192 551 3259 Huc
572 3216 701 3280 quoque
723 3195 918 3282 terrigenam
939 3195 1065 3261 venisse
1086 3193 1241 3280 Typhoea
1261 3199 1369 3261 narret

477 3299 522 3366 Et
543 3324 578 3368 se
598 3303 742 3369 mentitis
763 3301 904 3388 Superos
926 3302 1044 3370 celasse
1065 3302 1176 3388 figuris

356 3411 389 3474 et
408 3412 522 3475 cetera.
546 3451 586 3461 ·-

438 3516 534 3596 Quod
560 3515 744 3584 Nitzsohius
773 3522 868 3601 putet
898 3541 972 3585 eum
997 3518 1263 3604 interpolatorem
1289 3519 1344 3603 qui
1368 3519 1402 3584 in
1429 3541 1524 3585 versu

355 3626 452 3701 θεοῖς
474 3618 510 3689 ἐν
531 3617 693 3710 Ὀλύμπῳ
718 3648 777 3710 per
796 3617 976 3708 Ὄλυμπον
1004 3625 1130 3693 coelum
1154 3626 1381 3707 intellexisset,
1413 3626 1522 3692 statim

289 3724 523 3813 174'‘Otvpnov
548 3733 737 3818 simpliciter
761 3755 820 3818 pro
846 3739 957 3801 monte
978 3735 1138 3821 posuisse,
1167 3734 1229 3800 hoo
1256 3734 1368 3819 negari
1393 3734 1524 3819 quidem

354 3862 420 3905 non
440 3844 563 3925 potest:
588 3863 663 3907 nam
683 3842 767 3906 fiunt
794 3861 872 3907 sene
894 3842 934 3907 ob
955 3842 1261 3928 interpolationibus
1280 3863 1441 3928 perverso:
1466 3842 1524 3907 sed

352 3946 523 4013 verisimile
550 3951 658 4014 temen
686 3971 727 4014 ne
747 3948 811 4016 hoc
832 3949 963 4035 quidem
984 3953 1042 4015 est.
1083 3951 1136 4016 Ad
1157 3973 1195 4015 eo
1220 3973 1303 4035 quae
1324 3954 1447 4016 veteres
1468 3972 1523 4015 ex-

353 4056 538 4141 cogitarunt
563 4058 789 4143 oognoscenda
814 4058 948 4123 accessit
975 4080 1060 4123 nuno
1085 4057 1176 4123 locus
1201 4058 1235 4124 in
1256 4057 1478 4143 Epimerismis
1499 4080 1523 4122 s.

353 4157 413 4226 ἐπί
437 4186 468 4245 p.
498 4172 569 4232 144:
600 4187 675 4231 nom
708 4165 924 4251 explicabant:
955 4164 1076 4244 „Ossan
1102 4164 1192 4230 iuxta
1218 4165 1393 4253 Olympum
1423 4164 1524 4232 collo-

353 4271 470 4337 cabant
491 4276 562 4338 -‘⁸!

824 4385 1056 4395 w„—
