<?xml version="1.0" encoding="UTF-8"?>
<!DOCTYPE html PUBLIC "-//W3C//DTD XHTML 1.0 Transitional//EN"
    "http://www.w3.org/TR/xhtml1/DTD/xhtml1-transitional.dtd">
<html xmlns="http://www.w3.org/1999/xhtml" xml:lang="en" lang="en">
 <head>
  <title>
</title>
<meta http-equiv="Content-Type" content="text/html;charset=utf-8" />
  <meta name='ocr-system' content='tesseract 3.04.00' />
  <meta name='ocr-capabilities' content='ocr_page ocr_carea ocr_par ocr_line ocrx_word'/>
</head>
<body>
  <div class='ocr_page' id='page_1' title='image "./dearistarchistu00ludwgoog_0226.png"; bbox 0 0 3425 4934; ppageno 0'>
   <div class='ocr_carea' id='block_1_1' title="bbox 361 307 1342 380">
    <p class='ocr_par' dir='ltr' id='par_1_1' title="bbox 361 307 1342 380">
     <span class='ocr_line' id='line_1_1' title="bbox 361 307 1342 380; baseline 0.002 -16"><span class='ocrx_word' id='word_1_1' title='bbox 361 311 422 376; x_wconf 80' lang='lat'><strong>204</strong></span> <span class='ocrx_word' id='word_1_2' title='bbox 541 308 592 363; x_wconf 86' lang='lat' dir='ltr'><strong>IIL</strong></span> <span class='ocrx_word' id='word_1_3' title='bbox 617 307 658 363; x_wconf 92' lang='lat' dir='ltr'><strong>De</strong></span> <span class='ocrx_word' id='word_1_4' title='bbox 675 307 828 363; x_wconf 71' lang='lat' dir='ltr'><strong>Aristarchi</strong></span> <span class='ocrx_word' id='word_1_5' title='bbox 844 308 963 365; x_wconf 90' lang='lat' dir='ltr'><strong>scientia</strong></span> <span class='ocrx_word' id='word_1_6' title='bbox 978 309 1154 380; x_wconf 66' lang='lat' dir='ltr'><strong>antiquitatis</strong></span> <span class='ocrx_word' id='word_1_7' title='bbox 1170 309 1342 367; x_wconf 73' lang='lat' dir='ltr'><strong>Homericae.</strong></span> 
     </span>
    </p>
   </div>
   <div class='ocr_carea' id='block_1_2' title="bbox 277 475 1698 2609">
    <p class='ocr_par' dir='ltr' id='par_1_2' title="bbox 277 475 1698 2609">
     <span class='ocr_line' id='line_1_2' title="bbox 360 475 1531 566; baseline 0.005 -27"><span class='ocrx_word' id='word_1_8' title='bbox 360 475 455 555; x_wconf 85' lang='lat' dir='ltr'><strong>illud,</strong></span> <span class='ocrx_word' id='word_1_9' title='bbox 483 479 571 561; x_wconf 93' lang='lat' dir='ltr'><strong>quod</strong></span> <span class='ocrx_word' id='word_1_10' title='bbox 597 478 631 542; x_wconf 90' lang='lat' dir='ltr'><strong>in</strong></span> <span class='ocrx_word' id='word_1_11' title='bbox 654 478 810 544; x_wconf 81' lang='lat' dir='ltr'><strong>Ciconum</strong></span> <span class='ocrx_word' id='word_1_12' title='bbox 830 479 954 563; x_wconf 88' lang='lat' dir='ltr'><strong>impetu</strong></span> <span class='ocrx_word' id='word_1_13' title='bbox 975 481 1002 560; x_wconf 94' lang='grc' dir='ltr'><strong>(ι</strong></span> <span class='ocrx_word' id='word_1_14' title='bbox 1024 482 1076 562; x_wconf 86' lang='grc'><strong>60)</strong></span> <span class='ocrx_word' id='word_1_15' title='bbox 1099 500 1138 543; x_wconf 84' lang='lat' dir='ltr'><strong>ex</strong></span> <span class='ocrx_word' id='word_1_16' title='bbox 1159 478 1297 566; x_wconf 66' lang='lat' dir='ltr'><strong>singilis</strong></span> <span class='ocrx_word' id='word_1_17' title='bbox 1316 479 1452 545; x_wconf 87' lang='lat' dir='ltr'><strong>naribus</strong></span> <span class='ocrx_word' id='word_1_18' title='bbox 1473 502 1531 565; x_wconf 88' lang='lat' dir='ltr'><strong>par</strong></span> 
     </span>
     <span class='ocr_line' id='line_1_3' title="bbox 361 579 1530 672; baseline 0.003 -24"><span class='ocrx_word' id='word_1_19' title='bbox 361 583 522 649; x_wconf 90' lang='lat' dir='ltr'><strong>sociorum</strong></span> <span class='ocrx_word' id='word_1_20' title='bbox 536 607 688 650; x_wconf 86' lang='lat' dir='ltr'><strong>numerus</strong></span> <span class='ocrx_word' id='word_1_21' title='bbox 704 586 865 651; x_wconf 87' lang='lat' dir='ltr'><strong>interiisse</strong></span> <span class='ocrx_word' id='word_1_22' title='bbox 887 586 1019 666; x_wconf 87' lang='lat' dir='ltr'><strong>dicatur,</strong></span> <span class='ocrx_word' id='word_1_23' title='bbox 1040 581 1194 669; x_wconf 58' lang='grc' dir='ltr'><strong><em>,ὥσπερ</em></strong></span> <span class='ocrx_word' id='word_1_24' title='bbox 1217 579 1280 651; x_wconf 79' lang='grc' dir='ltr'><strong>ἀπ’</strong></span> <span class='ocrx_word' id='word_1_25' title='bbox 1304 580 1530 672; x_wconf 70' lang='grc' dir='ltr'><strong><em>ἐπιτάγμα-</em></strong></span> 
     </span>
     <span class='ocr_line' id='line_1_4' title="bbox 360 691 1529 781; baseline 0.006 -28"><span class='ocrx_word' id='word_1_26' title='bbox 360 700 467 767; x_wconf 84' lang='grc' dir='ltr'><strong><em>τος“.</em></strong></span> <span class='ocrx_word' id='word_1_27' title='bbox 487 732 527 743; x_wconf 92' lang='grc'><strong>-</strong></span> <span class='ocrx_word' id='word_1_28' title='bbox 547 691 678 759; x_wconf 87' lang='lat' dir='ltr'><strong>Ratioui</strong></span> <span class='ocrx_word' id='word_1_29' title='bbox 706 694 903 759; x_wconf 88' lang='lat' dir='ltr'><strong>contrarium</strong></span> <span class='ocrx_word' id='word_1_30' title='bbox 927 694 1047 773; x_wconf 88' lang='lat' dir='ltr'><strong>visum,</strong></span> <span class='ocrx_word' id='word_1_31' title='bbox 1079 695 1166 781; x_wconf 93' lang='lat' dir='ltr'><strong>quod</strong></span> <span class='ocrx_word' id='word_1_32' title='bbox 1190 697 1221 758; x_wconf 84' lang='lat' dir='ltr'><em>K</em></span> <span class='ocrx_word' id='word_1_33' title='bbox 1238 701 1300 762; x_wconf 78' lang='lat'><strong>274</strong></span> <span class='ocrx_word' id='word_1_34' title='bbox 1321 694 1430 761; x_wconf 79' lang='lat' dir='ltr'><strong>Ulixes</strong></span> <span class='ocrx_word' id='word_1_35' title='bbox 1456 718 1529 761; x_wconf 91' lang='lat' dir='ltr'><strong>cum</strong></span> 
     </span>
     <span class='ocr_line' id='line_1_5' title="bbox 277 797 1530 889; baseline 0.002 -22"><span class='ocrx_word' id='word_1_36' title='bbox 277 797 349 869; x_wconf 81' lang='lat'><strong>(209)</strong></span> <span class='ocrx_word' id='word_1_37' title='bbox 361 798 518 865; x_wconf 92' lang='lat' dir='ltr'><strong>Diomede</strong></span> <span class='ocrx_word' id='word_1_38' title='bbox 541 822 688 887; x_wconf 89' lang='lat' dir='ltr'><strong>egressus</strong></span> <span class='ocrx_word' id='word_1_39' title='bbox 713 801 754 865; x_wconf 87' lang='lat' dir='ltr'><strong>ad</strong></span> <span class='ocrx_word' id='word_1_40' title='bbox 774 800 919 866; x_wconf 79' lang='lat' dir='ltr'><strong>Rhesum</strong></span> <span class='ocrx_word' id='word_1_41' title='bbox 941 801 1151 868; x_wconf 87' lang='lat' dir='ltr'><strong>occidendum</strong></span> <span class='ocrx_word' id='word_1_42' title='bbox 1172 825 1369 889; x_wconf 89' lang='lat' dir='ltr'><strong>magnopere</strong></span> <span class='ocrx_word' id='word_1_43' title='bbox 1390 804 1530 889; x_wconf 86' lang='lat' dir='ltr'><strong>gaudeat</strong></span> 
     </span>
     <span class='ocr_line' id='line_1_6' title="bbox 360 901 1530 998; baseline 0.001 -27"><span class='ocrx_word' id='word_1_44' title='bbox 360 906 456 973; x_wconf 87' lang='lat' dir='ltr'><strong>ardea</strong></span> <span class='ocrx_word' id='word_1_45' title='bbox 477 930 496 973; x_wconf 91' lang='lat' dir='ltr'><strong>a</strong></span> <span class='ocrx_word' id='word_1_46' title='bbox 516 907 660 973; x_wconf 87' lang='lat' dir='ltr'><strong>Minerva</strong></span> <span class='ocrx_word' id='word_1_47' title='bbox 680 908 791 986; x_wconf 76' lang='lat' dir='ltr'><strong>misse,</strong></span> <span class='ocrx_word' id='word_1_48' title='bbox 821 908 861 974; x_wconf 90' lang='lat' dir='ltr'><strong>de</strong></span> <span class='ocrx_word' id='word_1_49' title='bbox 884 931 949 994; x_wconf 89' lang='lat' dir='ltr'><strong>qua</strong></span> <span class='ocrx_word' id='word_1_50' title='bbox 968 913 1077 994; x_wconf 87' lang='lat' dir='ltr'><strong>poeta:</strong></span> <span class='ocrx_word' id='word_1_51' title='bbox 1110 901 1172 974; x_wconf 79' lang='grc' dir='ltr'><strong>οὔκ</strong></span> <span class='ocrx_word' id='word_1_52' title='bbox 1198 903 1274 974; x_wconf 80' lang='grc' dir='ltr'><strong><em>ἴδον</em></strong></span> <span class='ocrx_word' id='word_1_53' title='bbox 1295 904 1530 998; x_wconf 69' lang='grc' dir='ltr'><strong><em>ὀφθαλμοῖσιν</em></strong></span> 
     </span>
     <span class='ocr_line' id='line_1_7' title="bbox 361 1007 1530 1103; baseline 0.007 -27"><span class='ocrx_word' id='word_1_54' title='bbox 361 1053 397 1062; x_wconf 93' lang='grc'><strong>-</strong></span> <span class='ocrx_word' id='word_1_55' title='bbox 414 1007 502 1078; x_wconf 79' lang='grc' dir='ltr'><strong><em>ἀλλὰ</em></strong></span> <span class='ocrx_word' id='word_1_56' title='bbox 516 1007 717 1098; x_wconf 73' lang='grc' dir='ltr'><strong><em>κλάγξαντος</em></strong></span> <span class='ocrx_word' id='word_1_57' title='bbox 732 1008 888 1085; x_wconf 70' lang='grc' dir='ltr'><strong><em>ἄκουσαν.</em></strong></span> <span class='ocrx_word' id='word_1_58' title='bbox 920 1017 992 1082; x_wconf 88' lang='lat' dir='ltr'><strong>Hoc</strong></span> <span class='ocrx_word' id='word_1_59' title='bbox 1005 1017 1088 1083; x_wconf 91' lang='lat' dir='ltr'><strong>male</strong></span> <span class='ocrx_word' id='word_1_60' title='bbox 1102 1017 1232 1083; x_wconf 87' lang='lat' dir='ltr'><strong>finxisse</strong></span> <span class='ocrx_word' id='word_1_61' title='bbox 1246 1022 1389 1103; x_wconf 83' lang='lat' dir='ltr'><strong>poetam:</strong></span> <span class='ocrx_word' id='word_1_62' title='bbox 1410 1019 1530 1084; x_wconf 79' lang='lat' dir='ltr'><strong>etenim</strong></span> 
     </span>
     <span class='ocr_line' id='line_1_8' title="bbox 358 1121 1529 1210; baseline 0.004 -24"><span class='ocrx_word' id='word_1_63' title='bbox 358 1121 458 1187; x_wconf 87' lang='lat' dir='ltr'><strong>latere</strong></span> <span class='ocrx_word' id='word_1_64' title='bbox 481 1123 665 1189; x_wconf 87' lang='lat' dir='ltr'><strong>volentibus</strong></span> <span class='ocrx_word' id='word_1_65' title='bbox 691 1124 777 1188; x_wconf 90' lang='lat' dir='ltr'><strong>alitis</strong></span> <span class='ocrx_word' id='word_1_66' title='bbox 803 1123 988 1210; x_wconf 85' lang='lat' dir='ltr'><strong>clangorem</strong></span> <span class='ocrx_word' id='word_1_67' title='bbox 1011 1126 1177 1191; x_wconf 86' lang='lat' dir='ltr'><strong>sinistrum</strong></span> <span class='ocrx_word' id='word_1_68' title='bbox 1199 1148 1294 1191; x_wconf 88' lang='lat' dir='ltr'><strong>omen</strong></span> <span class='ocrx_word' id='word_1_69' title='bbox 1316 1148 1394 1192; x_wconf 88' lang='lat' dir='ltr'><strong>esse.</strong></span> <span class='ocrx_word' id='word_1_70' title='bbox 1432 1125 1529 1193; x_wconf 88' lang='lat' dir='ltr'><strong>Simi-</strong></span> 
     </span>
     <span class='ocr_line' id='line_1_9' title="bbox 358 1228 1529 1319; baseline 0.006 -27"><span class='ocrx_word' id='word_1_71' title='bbox 358 1228 433 1293; x_wconf 90' lang='lat' dir='ltr'><strong>liter</strong></span> <span class='ocrx_word' id='word_1_72' title='bbox 454 1230 484 1291; x_wconf 81' lang='lat' dir='ltr'><em>E</em></span> <span class='ocrx_word' id='word_1_73' title='bbox 501 1235 550 1310; x_wconf 77' lang='lat'><strong>20,</strong></span> <span class='ocrx_word' id='word_1_74' title='bbox 570 1231 627 1296; x_wconf 91' lang='lat' dir='ltr'><strong>ubi</strong></span> <span class='ocrx_word' id='word_1_75' title='bbox 648 1229 763 1296; x_wconf 90' lang='lat' dir='ltr'><strong>Idaeus</strong></span> <span class='ocrx_word' id='word_1_76' title='bbox 786 1236 819 1297; x_wconf 87' lang='lat' dir='ltr'><strong>et</strong></span> <span class='ocrx_word' id='word_1_77' title='bbox 836 1231 987 1319; x_wconf 83' lang='lat' dir='ltr'><strong>Phegeus</strong></span> <span class='ocrx_word' id='word_1_78' title='bbox 1008 1232 1123 1298; x_wconf 65' lang='lat' dir='ltr'><strong>frames</strong></span> <span class='ocrx_word' id='word_1_79' title='bbox 1142 1234 1177 1298; x_wconf 90' lang='lat' dir='ltr'><strong>in</strong></span> <span class='ocrx_word' id='word_1_80' title='bbox 1198 1256 1293 1299; x_wconf 90' lang='lat' dir='ltr'><strong>curru</strong></span> <span class='ocrx_word' id='word_1_81' title='bbox 1315 1237 1428 1300; x_wconf 86' lang='lat' dir='ltr'><strong>contra</strong></span> <span class='ocrx_word' id='word_1_82' title='bbox 1449 1233 1529 1299; x_wconf 90' lang='lat' dir='ltr'><strong>Dio·</strong></span> 
     </span>
     <span class='ocr_line' id='line_1_10' title="bbox 359 1336 1528 1425; baseline 0.004 -24"><span class='ocrx_word' id='word_1_83' title='bbox 359 1336 486 1402; x_wconf 86' lang='lat' dir='ltr'><strong>medem</strong></span> <span class='ocrx_word' id='word_1_84' title='bbox 510 1342 692 1423; x_wconf 81' lang='lat' dir='ltr'><strong>pugnantes</strong></span> <span class='ocrx_word' id='word_1_85' title='bbox 718 1338 923 1405; x_wconf 90' lang='lat' dir='ltr'><strong>inducuntur.</strong></span> <span class='ocrx_word' id='word_1_86' title='bbox 964 1339 1113 1425; x_wconf 84' lang='lat' dir='ltr'><strong>Phegeus</strong></span> <span class='ocrx_word' id='word_1_87' title='bbox 1134 1340 1300 1407; x_wconf 87' lang='lat' dir='ltr'><strong>Diomedis</strong></span> <span class='ocrx_word' id='word_1_88' title='bbox 1327 1342 1422 1408; x_wconf 87' lang='lat' dir='ltr'><strong>hasta</strong></span> <span class='ocrx_word' id='word_1_89' title='bbox 1446 1342 1528 1406; x_wconf 89' lang='lat' dir='ltr'><strong>ictus</strong></span> 
     </span>
     <span class='ocr_line' id='line_1_11' title="bbox 360 1445 1527 1534; baseline 0.006 -26"><span class='ocrx_word' id='word_1_90' title='bbox 360 1445 516 1510; x_wconf 77' lang='lat' dir='ltr'><strong>caeditur:</strong></span> <span class='ocrx_word' id='word_1_91' title='bbox 552 1449 623 1510; x_wconf 86' lang='lat' dir='ltr'><strong>tum</strong></span> <span class='ocrx_word' id='word_1_92' title='bbox 653 1446 736 1511; x_wconf 92' lang='lat' dir='ltr'><strong>alter</strong></span> <span class='ocrx_word' id='word_1_93' title='bbox 768 1446 884 1511; x_wconf 90' lang='lat' dir='ltr'><strong>timore</strong></span> <span class='ocrx_word' id='word_1_94' title='bbox 915 1469 1085 1533; x_wconf 87' lang='lat' dir='ltr'><strong>percussus</strong></span> <span class='ocrx_word' id='word_1_95' title='bbox 1119 1471 1139 1514; x_wconf 86' lang='lat' dir='ltr'><strong>a</strong></span> <span class='ocrx_word' id='word_1_96' title='bbox 1165 1470 1259 1514; x_wconf 88' lang='lat' dir='ltr'><strong>curru</strong></span> <span class='ocrx_word' id='word_1_97' title='bbox 1287 1472 1321 1515; x_wconf 91' lang='lat' dir='ltr'><strong>se</strong></span> <span class='ocrx_word' id='word_1_98' title='bbox 1348 1450 1527 1534; x_wconf 86' lang='lat' dir='ltr'><strong>proripiens</strong></span> 
     </span>
     <span class='ocr_line' id='line_1_12' title="bbox 359 1547 1525 1645; baseline 0.003 -28"><span class='ocrx_word' id='word_1_99' title='bbox 359 1552 499 1639; x_wconf 77' lang='lat' dir='ltr'><strong>aufugit:</strong></span> <span class='ocrx_word' id='word_1_100' title='bbox 521 1556 696 1640; x_wconf 82' lang='grc' dir='ltr'><strong><em>κατηγορεῖ</em></strong></span> <span class='ocrx_word' id='word_1_101' title='bbox 708 1551 765 1618; x_wconf 83' lang='grc' dir='ltr'><strong><em>καὶ</em></strong></span> <span class='ocrx_word' id='word_1_102' title='bbox 778 1547 896 1618; x_wconf 83' lang='grc' dir='ltr'><strong><em>τούτου</em></strong></span> <span class='ocrx_word' id='word_1_103' title='bbox 909 1557 969 1619; x_wconf 81' lang='grc' dir='ltr'><strong>τοῦ</strong></span> <span class='ocrx_word' id='word_1_104' title='bbox 982 1548 1089 1621; x_wconf 82' lang='grc' dir='ltr'><strong><em>τόπου</em></strong></span> <span class='ocrx_word' id='word_1_105' title='bbox 1103 1552 1244 1639; x_wconf 75' lang='grc' dir='ltr'><strong><em>Ζωΐλος,</em></strong></span> <span class='ocrx_word' id='word_1_106' title='bbox 1262 1551 1316 1621; x_wconf 84' lang='grc' dir='ltr'><strong>ὅτι</strong></span> <span class='ocrx_word' id='word_1_107' title='bbox 1329 1552 1415 1634; x_wconf 90' lang='grc' dir='ltr'><strong><em>λίαν,</em></strong></span> <span class='ocrx_word' id='word_1_108' title='bbox 1433 1552 1525 1645; x_wconf 81' lang='grc' dir='ltr'><strong><em>φησί,</em></strong></span> 
     </span>
     <span class='ocr_line' id='line_1_13' title="bbox 357 1653 1528 1748; baseline 0.005 -24"><span class='ocrx_word' id='word_1_109' title='bbox 357 1654 496 1743; x_wconf 77' lang='grc' dir='ltr'><strong><em>γελοίως</em></strong></span> <span class='ocrx_word' id='word_1_110' title='bbox 518 1655 702 1748; x_wconf 80' lang='grc' dir='ltr'><strong><em>πεποίηκεν</em></strong></span> <span class='ocrx_word' id='word_1_111' title='bbox 723 1653 900 1748; x_wconf 77' lang='grc' dir='ltr'><strong><em>ὃποιητὴς</em></strong></span> <span class='ocrx_word' id='word_1_112' title='bbox 919 1659 977 1727; x_wconf 88' lang='grc' dir='ltr'><strong>τὸν</strong></span> <span class='ocrx_word' id='word_1_113' title='bbox 996 1654 1119 1728; x_wconf 77' lang='grc' dir='ltr'><strong><em>Ἰδαῖον</em></strong></span> <span class='ocrx_word' id='word_1_114' title='bbox 1140 1655 1354 1728; x_wconf 78' lang='grc' dir='ltr'><strong><em>ἀπολιπόντα</em></strong></span> <span class='ocrx_word' id='word_1_115' title='bbox 1374 1663 1450 1742; x_wconf 77' lang='grc' dir='ltr'><strong>τοίς</strong></span> <span class='ocrx_word' id='word_1_116' title='bbox 1470 1665 1528 1729; x_wconf 80' lang='grc' dir='ltr'><strong>ἵπ-</strong></span> 
     </span>
     <span class='ocr_line' id='line_1_14' title="bbox 358 1762 1529 1857; baseline 0.004 -26"><span class='ocrx_word' id='word_1_117' title='bbox 358 1790 443 1845; x_wconf 89' lang='grc' dir='ltr'><strong><em>πους</em></strong></span> <span class='ocrx_word' id='word_1_118' title='bbox 468 1765 526 1833; x_wconf 88' lang='grc' dir='ltr'><strong><em>καὶ</em></strong></span> <span class='ocrx_word' id='word_1_119' title='bbox 545 1765 584 1833; x_wconf 85' lang='grc' dir='ltr'><strong>τὸ</strong></span> <span class='ocrx_word' id='word_1_120' title='bbox 606 1763 698 1851; x_wconf 76' lang='grc' dir='ltr'><strong><em>ἅρμα</em></strong></span> <span class='ocrx_word' id='word_1_121' title='bbox 720 1762 867 1856; x_wconf 78' lang='grc' dir='ltr'><strong><em>φεύγειν·</em></strong></span> <span class='ocrx_word' id='word_1_122' title='bbox 898 1762 1071 1857; x_wconf 74' lang='grc' dir='ltr'><strong><em>ἠδύνατο</em></strong></span> <span class='ocrx_word' id='word_1_123' title='bbox 1091 1767 1165 1854; x_wconf 86' lang='grc' dir='ltr'><strong>γὰρ</strong></span> <span class='ocrx_word' id='word_1_124' title='bbox 1186 1769 1334 1852; x_wconf 82' lang='grc' dir='ltr'><strong><em>μᾶλλον</em></strong></span> <span class='ocrx_word' id='word_1_125' title='bbox 1356 1767 1422 1836; x_wconf 78' lang='grc' dir='ltr'><strong>ἐπὶ</strong></span> <span class='ocrx_word' id='word_1_126' title='bbox 1441 1775 1529 1849; x_wconf 83' lang='grc' dir='ltr'><strong><em>τοῖς</em></strong></span> 
     </span>
     <span class='ocr_line' id='line_1_15' title="bbox 357 1865 1565 1965; baseline 0.006 -27"><span class='ocrx_word' id='word_1_127' title='bbox 357 1874 508 1953; x_wconf 76' lang='grc' dir='ltr'><strong><em>ἵπποις.</em></strong></span> <span class='ocrx_word' id='word_1_128' title='bbox 529 1876 741 1963; x_wconf 89' lang='lat' dir='ltr'><strong>—Denique</strong></span> <span class='ocrx_word' id='word_1_129' title='bbox 762 1879 973 1965; x_wconf 87' lang='lat' dir='ltr'><strong>grammatica</strong></span> <span class='ocrx_word' id='word_1_130' title='bbox 992 1879 1198 1965; x_wconf 87' lang='lat' dir='ltr'><strong>reprehensio</strong></span> <span class='ocrx_word' id='word_1_131' title='bbox 1220 1883 1270 1944; x_wconf 88' lang='lat' dir='ltr'><strong>est</strong></span> <span class='ocrx_word' id='word_1_132' title='bbox 1290 1880 1331 1944; x_wconf 87' lang='lat' dir='ltr'><strong>ad</strong></span> <span class='ocrx_word' id='word_1_133' title='bbox 1351 1883 1390 1945; x_wconf 84' lang='lat' dir='ltr'><em>A</em></span> <span class='ocrx_word' id='word_1_134' title='bbox 1411 1887 1469 1950; x_wconf 80' lang='lat'><strong>129</strong></span> <span class='ocrx_word' id='word_1_135' title='bbox 1491 1873 1532 1945; x_wconf 79' lang='grc' dir='ltr'><strong><em>αἴ</em></strong></span> <span class='ocrx_word' id='word_1_136' title='bbox 1561 1865 1565 1871; x_wconf 57' lang='grc'><strong>’</strong></span> 
     </span>
     <span class='ocr_line' id='line_1_16' title="bbox 357 1978 1698 2073; baseline 0.006 -27"><span class='ocrx_word' id='word_1_137' title='bbox 357 1978 397 2047; x_wconf 83' lang='grc' dir='ltr'><strong>κέ</strong></span> <span class='ocrx_word' id='word_1_138' title='bbox 414 1985 505 2049; x_wconf 72' lang='grc' dir='ltr'><strong><em>ποθι</em></strong></span> <span class='ocrx_word' id='word_1_139' title='bbox 520 1982 604 2061; x_wconf 75' lang='grc' dir='ltr'><strong><em>Ζευς</em></strong></span> <span class='ocrx_word' id='word_1_140' title='bbox 618 1983 701 2070; x_wconf 76' lang='grc' dir='ltr'><strong><em>δῷσι</em></strong></span> <span class='ocrx_word' id='word_1_141' title='bbox 714 1978 817 2050; x_wconf 87' lang='grc' dir='ltr'><strong><em>πόλιν</em></strong></span> <span class='ocrx_word' id='word_1_142' title='bbox 835 1979 958 2073; x_wconf 79' lang='grc' dir='ltr'><strong><em>Τροίην</em></strong></span> <span class='ocrx_word' id='word_1_143' title='bbox 972 1978 1132 2067; x_wconf 74' lang='grc' dir='ltr'><strong><em>εὐτείχεον</em></strong></span> <span class='ocrx_word' id='word_1_144' title='bbox 1153 1981 1376 2067; x_wconf 74' lang='grc' dir='ltr'><strong><em>ἐξαλαπάξαιε</em></strong></span> <span class='ocrx_word' id='word_1_145' title='bbox 1397 1985 1529 2064; x_wconf 80' lang='grc' dir='ltr'><strong><em>Ζωΐλος</em></strong></span> <span class='ocrx_word' id='word_1_146' title='bbox 1697 1979 1698 2054; x_wconf 82' lang='lat' dir='ltr'><strong>l</strong></span> 
     </span>
     <span class='ocr_line' id='line_1_17' title="bbox 359 2084 1531 2180; baseline 0.003 -25"><span class='ocrx_word' id='word_1_147' title='bbox 359 2086 396 2155; x_wconf 76' lang='grc' dir='ltr'><strong>δὲ</strong></span> <span class='ocrx_word' id='word_1_148' title='bbox 418 2084 700 2180; x_wconf 79' lang='grc' dir='ltr'><strong><em>ὁἈμφιπολίτης</em></strong></span> <span class='ocrx_word' id='word_1_149' title='bbox 720 2090 778 2157; x_wconf 84' lang='grc' dir='ltr'><strong><em>καί</em></strong></span> <span class='ocrx_word' id='word_1_150' title='bbox 792 2087 995 2176; x_wconf 80' lang='grc' dir='ltr'><strong><em>Χρύσιππος</em></strong></span> <span class='ocrx_word' id='word_1_151' title='bbox 1016 2086 1198 2170; x_wconf 62' lang='lat' dir='ltr'><strong>irrorate</strong></span> <span class='ocrx_word' id='word_1_152' title='bbox 1218 2090 1419 2170; x_wconf 76' lang='grc' dir='ltr'><strong><em>σολοικίζειν</em></strong></span> <span class='ocrx_word' id='word_1_153' title='bbox 1441 2088 1531 2161; x_wconf 82' lang='grc' dir='ltr'><strong><em>οίον-</em></strong></span> 
     </span>
     <span class='ocr_line' id='line_1_18' title="bbox 357 2192 1530 2291; baseline 0.004 -27"><span class='ocrx_word' id='word_1_154' title='bbox 357 2223 414 2264; x_wconf 88' lang='grc' dir='ltr'><strong><em>ται</em></strong></span> <span class='ocrx_word' id='word_1_155' title='bbox 434 2195 493 2265; x_wconf 86' lang='grc' dir='ltr'><strong>τὸν</strong></span> <span class='ocrx_word' id='word_1_156' title='bbox 513 2192 669 2288; x_wconf 79' lang='grc' dir='ltr'><strong><em>ποιητήν,</em></strong></span> <span class='ocrx_word' id='word_1_157' title='bbox 697 2193 770 2265; x_wconf 75' lang='grc' dir='ltr'><strong><em>ἀντὶ</em></strong></span> <span class='ocrx_word' id='word_1_158' title='bbox 795 2195 906 2266; x_wconf 71' lang='grc' dir='ltr'><strong><em>ἑνικοῦ</em></strong></span> <span class='ocrx_word' id='word_1_159' title='bbox 926 2199 1144 2288; x_wconf 73' lang='grc' dir='ltr'><strong><em>πληθυντικῷ</em></strong></span> <span class='ocrx_word' id='word_1_160' title='bbox 1167 2196 1371 2289; x_wconf 74' lang='grc' dir='ltr'><strong><em>χρησάμενον</em></strong></span> <span class='ocrx_word' id='word_1_161' title='bbox 1392 2195 1530 2291; x_wconf 78' lang='grc' dir='ltr'><strong><em>ῥήματι·</em></strong></span> 
     </span>
     <span class='ocr_line' id='line_1_19' title="bbox 293 2301 1527 2397; baseline 0.006 -29"><span class='ocrx_word' id='word_1_162' title='bbox 293 2318 341 2369; x_wconf 74' lang='grc'><strong>007</strong></span> <span class='ocrx_word' id='word_1_163' title='bbox 359 2304 396 2373; x_wconf 87' lang='grc' dir='ltr'><strong>τὸ</strong></span> <span class='ocrx_word' id='word_1_164' title='bbox 420 2304 481 2391; x_wconf 85' lang='grc' dir='ltr'><strong>γὰρ</strong></span> <span class='ocrx_word' id='word_1_165' title='bbox 505 2306 605 2392; x_wconf 77' lang='grc' dir='ltr'><strong><em>δῷσι,</em></strong></span> <span class='ocrx_word' id='word_1_166' title='bbox 639 2303 739 2394; x_wconf 81' lang='grc' dir='ltr'><strong><em>φασί,</em></strong></span> <span class='ocrx_word' id='word_1_167' title='bbox 769 2301 999 2396; x_wconf 73' lang='grc' dir='ltr'><strong><em>πληθυντικόν</em></strong></span> <span class='ocrx_word' id='word_1_168' title='bbox 1022 2311 1075 2392; x_wconf 91' lang='lat' dir='ltr'><strong>(sc.</strong></span> <span class='ocrx_word' id='word_1_169' title='bbox 1097 2332 1136 2376; x_wconf 85' lang='lat' dir='ltr'><strong>ex</strong></span> <span class='ocrx_word' id='word_1_170' title='bbox 1158 2310 1329 2397; x_wconf 87' lang='lat' dir='ltr'><strong>analogia).</strong></span> <span class='ocrx_word' id='word_1_171' title='bbox 1371 2302 1527 2396; x_wconf 78' lang='grc' dir='ltr'><strong><em>ἀγνοοῦσι</em></strong></span> 
     </span>
     <span class='ocr_line' id='line_1_20' title="bbox 359 2409 1529 2505; baseline 0.006 -28"><span class='ocrx_word' id='word_1_172' title='bbox 359 2409 396 2477; x_wconf 78' lang='grc' dir='ltr'><strong>δὲ</strong></span> <span class='ocrx_word' id='word_1_173' title='bbox 414 2461 421 2476; x_wconf 92' lang='grc'><strong>.</strong></span> <span class='ocrx_word' id='word_1_174' title='bbox 436 2463 445 2479; x_wconf 89' lang='grc'><strong>.</strong></span> <span class='ocrx_word' id='word_1_175' title='bbox 460 2415 531 2481; x_wconf 77' lang='lat'><strong>.¹²⁵.</strong></span> <span class='ocrx_word' id='word_1_176' title='bbox 567 2414 629 2480; x_wconf 91' lang='lat' dir='ltr'><strong>Hic</strong></span> <span class='ocrx_word' id='word_1_177' title='bbox 643 2416 744 2501; x_wconf 86' lang='lat' dir='ltr'><strong>igitur</strong></span> <span class='ocrx_word' id='word_1_178' title='bbox 758 2414 868 2482; x_wconf 85' lang='lat' dir='ltr'><strong>Zoilus</strong></span> <span class='ocrx_word' id='word_1_179' title='bbox 882 2439 1079 2502; x_wconf 90' lang='lat' dir='ltr'><strong>quamquam</strong></span> <span class='ocrx_word' id='word_1_180' title='bbox 1092 2418 1218 2503; x_wconf 65' lang='lat' dir='ltr'><strong>inepms</strong></span> <span class='ocrx_word' id='word_1_181' title='bbox 1239 2419 1409 2503; x_wconf 79' lang='lat' dir='ltr'><strong>proposuit</strong></span> <span class='ocrx_word' id='word_1_182' title='bbox 1430 2442 1529 2505; x_wconf 85' lang='lat' dir='ltr'><strong>quac·</strong></span> 
     </span>
     <span class='ocr_line' id='line_1_21' title="bbox 358 2520 1529 2609; baseline 0.009 -25"><span class='ocrx_word' id='word_1_183' title='bbox 358 2520 489 2600; x_wconf 81' lang='lat' dir='ltr'><strong>stiones,</strong></span> <span class='ocrx_word' id='word_1_184' title='bbox 510 2525 619 2586; x_wconf 91' lang='lat' dir='ltr'><strong>tamen</strong></span> <span class='ocrx_word' id='word_1_185' title='bbox 640 2521 778 2588; x_wconf 89' lang='lat' dir='ltr'><strong>aliorum</strong></span> <span class='ocrx_word' id='word_1_186' title='bbox 800 2524 947 2609; x_wconf 85' lang='lat' dir='ltr'><strong>exempla</strong></span> <span class='ocrx_word' id='word_1_187' title='bbox 967 2527 1097 2590; x_wconf 89' lang='lat' dir='ltr'><strong>secutus</strong></span> <span class='ocrx_word' id='word_1_188' title='bbox 1120 2529 1177 2604; x_wconf 84' lang='lat' dir='ltr'><strong>est,</strong></span> <span class='ocrx_word' id='word_1_189' title='bbox 1198 2529 1235 2590; x_wconf 92' lang='lat' dir='ltr'><strong>ut</strong></span> <span class='ocrx_word' id='word_1_190' title='bbox 1255 2526 1419 2592; x_wconf 86' lang='lat' dir='ltr'><strong>verissime</strong></span> <span class='ocrx_word' id='word_1_191' title='bbox 1433 2526 1529 2593; x_wconf 90' lang='lat' dir='ltr'><strong>Wol-</strong></span> 
     </span>
    </p>
   </div>
   <div class='ocr_carea' id='block_1_3' title="bbox 357 2627 1528 2803">
    <p class='ocr_par' dir='ltr' id='par_1_3' title="bbox 357 2627 1528 2803">
     <span class='ocr_line' id='line_1_22' title="bbox 357 2627 1528 2720; baseline 0.007 -28"><span class='ocrx_word' id='word_1_192' title='bbox 357 2627 435 2693; x_wconf 90' lang='lat' dir='ltr'><strong>fium</strong></span> <span class='ocrx_word' id='word_1_193' title='bbox 450 2628 567 2694; x_wconf 83' lang='lat' dir='ltr'><strong>dixisse</strong></span> <span class='ocrx_word' id='word_1_194' title='bbox 582 2629 726 2709; x_wconf 79' lang='lat' dir='ltr'><strong>arbitrer,</strong></span> <span class='ocrx_word' id='word_1_195' title='bbox 749 2653 841 2710; x_wconf 82' lang='lat' dir='ltr'><strong>„eum</strong></span> <span class='ocrx_word' id='word_1_196' title='bbox 864 2631 946 2696; x_wconf 91' lang='lat' dir='ltr'><strong>nihil</strong></span> <span class='ocrx_word' id='word_1_197' title='bbox 968 2631 1142 2697; x_wconf 78' lang='lat' dir='ltr'><strong>admodum</strong></span> <span class='ocrx_word' id='word_1_198' title='bbox 1163 2637 1291 2718; x_wconf 88' lang='lat' dir='ltr'><strong>praeter</strong></span> <span class='ocrx_word' id='word_1_199' title='bbox 1310 2638 1434 2699; x_wconf 88' lang='lat' dir='ltr'><strong>eeteros</strong></span> <span class='ocrx_word' id='word_1_200' title='bbox 1455 2657 1528 2720; x_wconf 92' lang='lat' dir='ltr'><strong>pec-</strong></span> 
     </span>
     <span class='ocr_line' id='line_1_23' title="bbox 359 2736 560 2803; baseline 0.015 -3"><span class='ocrx_word' id='word_1_201' title='bbox 359 2736 560 2803; x_wconf 75' lang='lat' dir='ltr'><strong>carisse“¹²⁶.</strong></span> 
     </span>
    </p>
   </div>
   <div class='ocr_carea' id='block_1_4' title="bbox 274 2916 1531 4426">
    <p class='ocr_par' dir='ltr' id='par_1_4' title="bbox 274 2916 1531 4426">
     <span class='ocr_line' id='line_1_24' title="bbox 424 2916 1527 2993; baseline 0.005 -20"><span class='ocrx_word' id='word_1_202' title='bbox 424 2919 463 2962; x_wconf 70' lang='lat'><strong>12⁶</strong></span> <span class='ocrx_word' id='word_1_203' title='bbox 483 2916 563 2984; x_wconf 81' lang='lat' dir='ltr'><strong>Quod</strong></span> <span class='ocrx_word' id='word_1_204' title='bbox 585 2935 672 2974; x_wconf 89' lang='lat' dir='ltr'><strong>unum</strong></span> <span class='ocrx_word' id='word_1_205' title='bbox 694 2921 782 2976; x_wconf 88' lang='lat' dir='ltr'><strong>restat</strong></span> <span class='ocrx_word' id='word_1_206' title='bbox 803 2919 834 2975; x_wconf 87' lang='lat' dir='ltr'><strong>in</strong></span> <span class='ocrx_word' id='word_1_207' title='bbox 850 2920 981 2976; x_wconf 61' lang='lat' dir='ltr'><strong>schol‘P</strong></span> <span class='ocrx_word' id='word_1_208' title='bbox 994 2926 1057 2986; x_wconf 76' lang='lat'>204,</span> <span class='ocrx_word' id='word_1_209' title='bbox 1079 2922 1222 2993; x_wconf 84' lang='lat' dir='ltr'><strong>pertinens</strong></span> <span class='ocrx_word' id='word_1_210' title='bbox 1239 2921 1275 2977; x_wconf 85' lang='lat' dir='ltr'><strong>ad</strong></span> <span class='ocrx_word' id='word_1_211' title='bbox 1294 2924 1317 2977; x_wconf 78' lang='grc'>0</span> <span class='ocrx_word' id='word_1_212' title='bbox 1334 2926 1396 2988; x_wconf 79' lang='grc'>200,</span> <span class='ocrx_word' id='word_1_213' title='bbox 1413 2939 1470 2979; x_wconf 92' lang='lat' dir='ltr'><strong>non</strong></span> <span class='ocrx_word' id='word_1_214' title='bbox 1488 2924 1527 2979; x_wconf 89' lang='lat' dir='ltr'><strong>in·</strong></span> 
     </span>
     <span class='ocr_line' id='line_1_25' title="bbox 356 3003 463 3073; baseline -0.009 -14"><span class='ocrx_word' id='word_1_215' title='bbox 356 3003 463 3073; x_wconf 81' lang='lat' dir='ltr'><strong>telligo.</strong></span> 
     </span>
     <span class='ocr_line' id='line_1_26' title="bbox 424 3087 1528 3160; baseline 0.005 -19"><span class='ocrx_word' id='word_1_216' title='bbox 424 3090 462 3130; x_wconf 73' lang='lat'><strong>1²⁶</strong></span> <span class='ocrx_word' id='word_1_217' title='bbox 483 3106 511 3158; x_wconf 87' lang='lat' dir='ltr'><strong>p.</strong></span> <span class='ocrx_word' id='word_1_218' title='bbox 530 3087 631 3143; x_wconf 81' lang='lat' dir='ltr'>CXCII.</span> <span class='ocrx_word' id='word_1_219' title='bbox 664 3088 718 3144; x_wconf 87' lang='lat' dir='ltr'><strong>Sed</strong></span> <span class='ocrx_word' id='word_1_220' title='bbox 736 3088 771 3144; x_wconf 88' lang='lat' dir='ltr'><strong>de</strong></span> <span class='ocrx_word' id='word_1_221' title='bbox 787 3088 909 3145; x_wconf 87' lang='lat' dir='ltr'><strong>hominis</strong></span> <span class='ocrx_word' id='word_1_222' title='bbox 925 3088 1038 3160; x_wconf 84' lang='lat' dir='ltr'><strong>ingenio</strong></span> <span class='ocrx_word' id='word_1_223' title='bbox 1055 3107 1089 3147; x_wconf 90' lang='lat' dir='ltr'><strong>ac</strong></span> <span class='ocrx_word' id='word_1_224' title='bbox 1106 3090 1229 3146; x_wconf 83' lang='lat' dir='ltr'><strong>moribus</strong></span> <span class='ocrx_word' id='word_1_225' title='bbox 1246 3090 1360 3147; x_wconf 88' lang='lat' dir='ltr'><strong>minime</strong></span> <span class='ocrx_word' id='word_1_226' title='bbox 1377 3092 1447 3148; x_wconf 90' lang='lat' dir='ltr'><strong>mihi</strong></span> <span class='ocrx_word' id='word_1_227' title='bbox 1465 3110 1528 3148; x_wconf 88' lang='lat' dir='ltr'><strong>cum</strong></span> 
     </span>
     <span class='ocr_line' id='line_1_27' title="bbox 358 3172 1528 3244; baseline 0.004 -16"><span class='ocrx_word' id='word_1_228' title='bbox 358 3174 418 3228; x_wconf 82' lang='lat' dir='ltr'><strong>viro</strong></span> <span class='ocrx_word' id='word_1_229' title='bbox 436 3172 548 3244; x_wconf 81' lang='lat' dir='ltr'><strong>egregio</strong></span> <span class='ocrx_word' id='word_1_230' title='bbox 566 3173 705 3229; x_wconf 84' lang='lat' dir='ltr'><strong>convenit.</strong></span> <span class='ocrx_word' id='word_1_231' title='bbox 742 3174 867 3229; x_wconf 85' lang='lat' dir='ltr'><strong>Primum</strong></span> <span class='ocrx_word' id='word_1_232' title='bbox 890 3173 966 3244; x_wconf 91' lang='lat' dir='ltr'><strong>quod</strong></span> <span class='ocrx_word' id='word_1_233' title='bbox 988 3174 1058 3230; x_wconf 90' lang='lat' dir='ltr'><strong>dicit</strong></span> <span class='ocrx_word' id='word_1_234' title='bbox 1075 3176 1197 3240; x_wconf 89' lang='lat' dir='ltr'><strong>„rabiem</strong></span> <span class='ocrx_word' id='word_1_235' title='bbox 1214 3175 1378 3242; x_wconf 84' lang='lat' dir='ltr'><strong>addidisse“‚</strong></span> <span class='ocrx_word' id='word_1_236' title='bbox 1400 3178 1455 3234; x_wconf 92' lang='lat' dir='ltr'><strong>hoc</strong></span> <span class='ocrx_word' id='word_1_237' title='bbox 1471 3195 1528 3233; x_wconf 90' lang='lat' dir='ltr'><strong>non</strong></span> 
     </span>
     <span class='ocr_line' id='line_1_28' title="bbox 358 3256 1527 3333; baseline 0.004 -19"><span class='ocrx_word' id='word_1_238' title='bbox 358 3258 440 3314; x_wconf 86' lang='lat' dir='ltr'><strong>video</strong></span> <span class='ocrx_word' id='word_1_239' title='bbox 458 3257 533 3312; x_wconf 86' lang='lat' dir='ltr'><strong>unde</strong></span> <span class='ocrx_word' id='word_1_240' title='bbox 550 3256 644 3328; x_wconf 76' lang='lat' dir='ltr'><strong>colligi</strong></span> <span class='ocrx_word' id='word_1_241' title='bbox 666 3258 754 3328; x_wconf 87' lang='lat' dir='ltr'><strong>possit</strong></span> <span class='ocrx_word' id='word_1_242' title='bbox 771 3258 825 3313; x_wconf 86' lang='lat' dir='ltr'><strong>nisi</strong></span> <span class='ocrx_word' id='word_1_243' title='bbox 842 3276 877 3314; x_wconf 86' lang='lat' dir='ltr'><strong>ex</strong></span> <span class='ocrx_word' id='word_1_244' title='bbox 894 3263 1021 3315; x_wconf 89' lang='lat' dir='ltr'><strong>veterum</strong></span> <span class='ocrx_word' id='word_1_245' title='bbox 1038 3260 1189 3317; x_wconf 82' lang='lat' dir='ltr'><strong>admodum</strong></span> <span class='ocrx_word' id='word_1_246' title='bbox 1210 3260 1319 3316; x_wconf 86' lang='lat' dir='ltr'><strong>incerte</strong></span> <span class='ocrx_word' id='word_1_247' title='bbox 1341 3264 1527 3333; x_wconf 86' lang='lat' dir='ltr'><strong>persuasione,</strong></span> 
     </span>
     <span class='ocr_line' id='line_1_29' title="bbox 359 3340 1528 3417; baseline 0.004 -19"><span class='ocrx_word' id='word_1_248' title='bbox 359 3343 408 3414; x_wconf 91' lang='lat' dir='ltr'><strong>qui</strong></span> <span class='ocrx_word' id='word_1_249' title='bbox 424 3340 538 3413; x_wconf 86' lang='lat' dir='ltr'><strong>plurimi</strong></span> <span class='ocrx_word' id='word_1_250' title='bbox 555 3342 641 3397; x_wconf 82' lang='lat' dir='ltr'><strong>faudo</strong></span> <span class='ocrx_word' id='word_1_251' title='bbox 653 3341 774 3397; x_wconf 90' lang='lat' dir='ltr'><strong>hominis</strong></span> <span class='ocrx_word' id='word_1_252' title='bbox 787 3344 950 3399; x_wconf 84' lang='lat' dir='ltr'><strong>memoriam</strong></span> <span class='ocrx_word' id='word_1_253' title='bbox 961 3347 1092 3400; x_wconf 89' lang='lat' dir='ltr'><strong>tenerent</strong></span> <span class='ocrx_word' id='word_1_254' title='bbox 1103 3362 1136 3400; x_wconf 90' lang='lat' dir='ltr'><strong>ac</strong></span> <span class='ocrx_word' id='word_1_255' title='bbox 1148 3344 1368 3400; x_wconf 89' lang='lat' dir='ltr'><strong>declamatorum</strong></span> <span class='ocrx_word' id='word_1_256' title='bbox 1380 3363 1528 3417; x_wconf 82' lang='lat' dir='ltr'><strong>exaggera·</strong></span> 
     </span>
     <span class='ocr_line' id='line_1_30' title="bbox 358 3425 1527 3497; baseline 0.003 -14"><span class='ocrx_word' id='word_1_257' title='bbox 358 3426 481 3483; x_wconf 88' lang='lat' dir='ltr'><strong>tionibus</strong></span> <span class='ocrx_word' id='word_1_258' title='bbox 498 3425 648 3497; x_wconf 88' lang='lat' dir='ltr'><strong>pollutam,</strong></span> <span class='ocrx_word' id='word_1_259' title='bbox 672 3444 790 3495; x_wconf 89' lang='lat' dir='ltr'><strong>quorum</strong></span> <span class='ocrx_word' id='word_1_260' title='bbox 807 3426 892 3481; x_wconf 88' lang='lat' dir='ltr'><strong>fidem</strong></span> <span class='ocrx_word' id='word_1_261' title='bbox 909 3427 1105 3484; x_wconf 75' lang='lat' dir='ltr'><strong>dimentientes</strong></span> <span class='ocrx_word' id='word_1_262' title='bbox 1122 3429 1157 3484; x_wconf 91' lang='lat' dir='ltr'><strong>de</strong></span> <span class='ocrx_word' id='word_1_263' title='bbox 1174 3430 1267 3485; x_wconf 86' lang='lat' dir='ltr'><strong>taetra</strong></span> <span class='ocrx_word' id='word_1_264' title='bbox 1284 3429 1342 3485; x_wconf 89' lang='lat' dir='ltr'><strong>eius</strong></span> <span class='ocrx_word' id='word_1_265' title='bbox 1360 3435 1449 3486; x_wconf 91' lang='lat' dir='ltr'><strong>morte</strong></span> <span class='ocrx_word' id='word_1_266' title='bbox 1466 3449 1527 3487; x_wconf 90' lang='lat' dir='ltr'><strong>nar·</strong></span> 
     </span>
     <span class='ocr_line' id='line_1_31' title="bbox 357 3510 1527 3585; baseline 0.005 -19"><span class='ocrx_word' id='word_1_267' title='bbox 357 3510 532 3567; x_wconf 85' lang='lat' dir='ltr'><strong>ratiunculae</strong></span> <span class='ocrx_word' id='word_1_268' title='bbox 549 3512 696 3574; x_wconf 82' lang='lat' dir='ltr'><strong>testantur,</strong></span> <span class='ocrx_word' id='word_1_269' title='bbox 714 3510 748 3566; x_wconf 87' lang='lat' dir='ltr'><strong>cf.</strong></span> <span class='ocrx_word' id='word_1_270' title='bbox 765 3511 871 3567; x_wconf 87' lang='lat' dir='ltr'><strong>Harles.</strong></span> <span class='ocrx_word' id='word_1_271' title='bbox 890 3511 927 3566; x_wconf 90' lang='lat' dir='ltr'><strong>ad</strong></span> <span class='ocrx_word' id='word_1_272' title='bbox 943 3512 1051 3571; x_wconf 82' lang='lat' dir='ltr'><strong>Fabric.</strong></span> <span class='ocrx_word' id='word_1_273' title='bbox 1068 3514 1121 3584; x_wconf 93' lang='lat' dir='ltr'><strong>Ip.</strong></span> <span class='ocrx_word' id='word_1_274' title='bbox 1134 3519 1192 3569; x_wconf 83' lang='grc'>500.</span> <span class='ocrx_word' id='word_1_275' title='bbox 1218 3512 1388 3585; x_wconf 81' lang='lat' dir='ltr'><strong>Porphyrius</strong></span> <span class='ocrx_word' id='word_1_276' title='bbox 1406 3516 1527 3585; x_wconf 86' lang='lat' dir='ltr'><strong>quidem,</strong></span> 
     </span>
     <span class='ocr_line' id='line_1_32' title="bbox 358 3594 1531 3669; baseline 0.004 -17"><span class='ocrx_word' id='word_1_277' title='bbox 358 3597 404 3652; x_wconf 88' lang='lat' dir='ltr'><strong>eui</strong></span> <span class='ocrx_word' id='word_1_278' title='bbox 416 3612 489 3666; x_wconf 89' lang='lat' dir='ltr'><strong>quae</strong></span> <span class='ocrx_word' id='word_1_279' title='bbox 500 3595 530 3649; x_wconf 90' lang='lat' dir='ltr'><strong>in</strong></span> <span class='ocrx_word' id='word_1_280' title='bbox 541 3594 653 3650; x_wconf 88' lang='lat' dir='ltr'><strong>scholiis</strong></span> <span class='ocrx_word' id='word_1_281' title='bbox 664 3594 818 3651; x_wconf 91' lang='lat' dir='ltr'><strong>Homericis</strong></span> <span class='ocrx_word' id='word_1_282' title='bbox 831 3596 866 3652; x_wconf 89' lang='lat' dir='ltr'><strong>de</strong></span> <span class='ocrx_word' id='word_1_283' title='bbox 878 3612 911 3652; x_wconf 91' lang='lat' dir='ltr'><strong>eo</strong></span> <span class='ocrx_word' id='word_1_284' title='bbox 922 3597 1029 3653; x_wconf 88' lang='lat' dir='ltr'><strong>tradita</strong></span> <span class='ocrx_word' id='word_1_285' title='bbox 1045 3601 1111 3653; x_wconf 86' lang='lat' dir='ltr'><strong>sunt</strong></span> <span class='ocrx_word' id='word_1_286' title='bbox 1128 3597 1270 3662; x_wconf 85' lang='lat' dir='ltr'><strong>debemus,</strong></span> <span class='ocrx_word' id='word_1_287' title='bbox 1287 3615 1353 3654; x_wconf 89' lang='lat' dir='ltr'><strong>eum</strong></span> <span class='ocrx_word' id='word_1_288' title='bbox 1368 3605 1531 3669; x_wconf 79' lang='grc' dir='ltr'><strong><em>γυμνασίας</em></strong></span> 
     </span>
     <span class='ocr_line' id='line_1_33' title="bbox 358 3675 1527 3754; baseline 0.003 -17"><span class='ocrx_word' id='word_1_289' title='bbox 358 3675 445 3737; x_wconf 69' lang='grc' dir='ltr'><strong><em>ἕνεκα</em></strong></span> <span class='ocrx_word' id='word_1_290' title='bbox 462 3678 601 3750; x_wconf 87' lang='lat' dir='ltr'><strong>scripsisse</strong></span> <span class='ocrx_word' id='word_1_291' title='bbox 618 3678 671 3734; x_wconf 88' lang='lat' dir='ltr'><strong>ait:</strong></span> <span class='ocrx_word' id='word_1_292' title='bbox 690 3697 869 3749; x_wconf 86' lang='lat' dir='ltr'><strong>quamquam,</strong></span> <span class='ocrx_word' id='word_1_293' title='bbox 889 3683 923 3736; x_wconf 93' lang='lat' dir='ltr'><strong>ut</strong></span> <span class='ocrx_word' id='word_1_294' title='bbox 939 3698 1004 3739; x_wconf 86' lang='lat' dir='ltr'><strong>mox</strong></span> <span class='ocrx_word' id='word_1_295' title='bbox 1021 3681 1178 3754; x_wconf 87' lang='lat' dir='ltr'><strong>apparebit,</strong></span> <span class='ocrx_word' id='word_1_296' title='bbox 1194 3700 1230 3739; x_wconf 91' lang='lat' dir='ltr'><strong>ne</strong></span> <span class='ocrx_word' id='word_1_297' title='bbox 1248 3684 1302 3739; x_wconf 90' lang='lat' dir='ltr'><strong>hoc</strong></span> <span class='ocrx_word' id='word_1_298' title='bbox 1320 3681 1434 3753; x_wconf 89' lang='lat' dir='ltr'><strong>quidem</strong></span> <span class='ocrx_word' id='word_1_299' title='bbox 1444 3700 1527 3740; x_wconf 85' lang='lat' dir='ltr'><strong>acon-</strong></span> 
     </span>
     <span class='ocr_line' id='line_1_34' title="bbox 357 3763 1527 3838; baseline 0.005 -19"><span class='ocrx_word' id='word_1_300' title='bbox 357 3767 419 3819; x_wconf 88' lang='lat' dir='ltr'><strong>rate</strong></span> <span class='ocrx_word' id='word_1_301' title='bbox 441 3763 547 3819; x_wconf 89' lang='lat' dir='ltr'><strong>dictum</strong></span> <span class='ocrx_word' id='word_1_302' title='bbox 571 3764 699 3820; x_wconf 87' lang='lat' dir='ltr'><strong>arbitror.</strong></span> <span class='ocrx_word' id='word_1_303' title='bbox 740 3763 783 3819; x_wconf 82' lang='lat' dir='ltr'><strong>Ex</strong></span> <span class='ocrx_word' id='word_1_304' title='bbox 802 3765 959 3833; x_wconf 83' lang='lat' dir='ltr'><strong>vocabulis,</strong></span> <span class='ocrx_word' id='word_1_305' title='bbox 981 3766 1083 3837; x_wconf 90' lang='lat' dir='ltr'><strong>quibus</strong></span> <span class='ocrx_word' id='word_1_306' title='bbox 1105 3766 1135 3821; x_wconf 92' lang='lat' dir='ltr'><strong>in</strong></span> <span class='ocrx_word' id='word_1_307' title='bbox 1151 3771 1237 3838; x_wconf 86' lang='lat' dir='ltr'><strong>poeta</strong></span> <span class='ocrx_word' id='word_1_308' title='bbox 1256 3767 1445 3838; x_wconf 77' lang='lat' dir='ltr'><strong>aggrediendo</strong></span> <span class='ocrx_word' id='word_1_309' title='bbox 1463 3787 1527 3825; x_wconf 88' lang='lat' dir='ltr'><strong>usus</strong></span> 
     </span>
     <span class='ocr_line' id='line_1_35' title="bbox 358 3848 1526 3924; baseline 0.005 -21"><span class='ocrx_word' id='word_1_310' title='bbox 358 3851 407 3912; x_wconf 86' lang='lat' dir='ltr'><strong>est,</strong></span> <span class='ocrx_word' id='word_1_311' title='bbox 424 3850 557 3918; x_wconf 81' lang='grc' dir='ltr'><strong><em>γελοίως,</em></strong></span> <span class='ocrx_word' id='word_1_312' title='bbox 577 3848 707 3913; x_wconf 82' lang='grc' dir='ltr'><strong><em>α’τόπαις,</em></strong></span> <span class='ocrx_word' id='word_1_313' title='bbox 730 3848 801 3904; x_wconf 90' lang='lat' dir='ltr'><strong>nihil</strong></span> <span class='ocrx_word' id='word_1_314' title='bbox 822 3849 947 3920; x_wconf 87' lang='lat' dir='ltr'><strong>asperius</strong></span> <span class='ocrx_word' id='word_1_315' title='bbox 969 3850 1004 3906; x_wconf 89' lang='lat' dir='ltr'><strong>de</strong></span> <span class='ocrx_word' id='word_1_316' title='bbox 1025 3851 1139 3907; x_wconf 88' lang='lat' dir='ltr'><strong>homine</strong></span> <span class='ocrx_word' id='word_1_317' title='bbox 1161 3852 1254 3923; x_wconf 85' lang='lat' dir='ltr'><strong>colligi</strong></span> <span class='ocrx_word' id='word_1_318' title='bbox 1276 3869 1357 3924; x_wconf 86' lang='lat' dir='ltr'><strong>posse</strong></span> <span class='ocrx_word' id='word_1_319' title='bbox 1374 3853 1526 3911; x_wconf 86' lang='lat' dir='ltr'><strong>contendo:</strong></span> 
     </span>
     <span class='ocr_line' id='line_1_36' title="bbox 357 3932 1527 4006; baseline 0.006 -19"><span class='ocrx_word' id='word_1_320' title='bbox 357 3949 424 3987; x_wconf 92' lang='lat' dir='ltr'><strong>nam</strong></span> <span class='ocrx_word' id='word_1_321' title='bbox 441 3932 510 3988; x_wconf 88' lang='lat' dir='ltr'><strong>haec</strong></span> <span class='ocrx_word' id='word_1_322' title='bbox 531 3932 648 4002; x_wconf 84' lang='lat' dir='ltr'><strong>vulgata</strong></span> <span class='ocrx_word' id='word_1_323' title='bbox 664 3932 779 3988; x_wconf 84' lang='lat' dir='ltr'><strong>suerunt</strong></span> <span class='ocrx_word' id='word_1_324' title='bbox 799 3933 830 3987; x_wconf 91' lang='lat' dir='ltr'><strong>in</strong></span> <span class='ocrx_word' id='word_1_325' title='bbox 847 3933 1001 3990; x_wconf 82' lang='lat' dir='ltr'><strong>excitandis</strong></span> <span class='ocrx_word' id='word_1_326' title='bbox 1018 3936 1211 4006; x_wconf 88' lang='lat' dir='ltr'><strong>captiunculis.</strong></span> <span class='ocrx_word' id='word_1_327' title='bbox 1240 3935 1321 4003; x_wconf 82' lang='lat' dir='ltr'><strong>Quod</strong></span> <span class='ocrx_word' id='word_1_328' title='bbox 1337 3937 1361 3992; x_wconf 92' lang='lat' dir='ltr'><strong>si</strong></span> <span class='ocrx_word' id='word_1_329' title='bbox 1378 3938 1440 4006; x_wconf 84' lang='lat' dir='ltr'><strong>quis</strong></span> <span class='ocrx_word' id='word_1_330' title='bbox 1456 3938 1527 3994; x_wconf 90' lang='lat' dir='ltr'><strong>illud</strong></span> 
     </span>
     <span class='ocr_line' id='line_1_37' title="bbox 274 4016 1526 4090; baseline 0.007 -18"><span class='ocrx_word' id='word_1_331' title='bbox 274 4018 346 4089; x_wconf 75' lang='grc'>(010)</span> <span class='ocrx_word' id='word_1_332' title='bbox 358 4033 486 4088; x_wconf 85' lang='lat' dir='ltr'><strong>asperam</strong></span> <span class='ocrx_word' id='word_1_333' title='bbox 508 4016 568 4072; x_wconf 88' lang='lat' dir='ltr'><strong>eius</strong></span> <span class='ocrx_word' id='word_1_334' title='bbox 592 4016 747 4074; x_wconf 84' lang='lat' dir='ltr'><strong>orationem</strong></span> <span class='ocrx_word' id='word_1_335' title='bbox 769 4017 926 4087; x_wconf 84' lang='lat' dir='ltr'><strong>significare</strong></span> <span class='ocrx_word' id='word_1_336' title='bbox 943 4023 1074 4090; x_wconf 87' lang='lat' dir='ltr'><strong>reponat,</strong></span> <span class='ocrx_word' id='word_1_337' title='bbox 1092 4021 1167 4090; x_wconf 89' lang='lat' dir='ltr'><strong>quod</strong></span> <span class='ocrx_word' id='word_1_338' title='bbox 1185 4023 1227 4077; x_wconf 87' lang='lat' dir='ltr'><strong>cst</strong></span> <span class='ocrx_word' id='word_1_339' title='bbox 1245 4021 1276 4076; x_wconf 91' lang='lat' dir='ltr'><strong>in</strong></span> <span class='ocrx_word' id='word_1_340' title='bbox 1292 4021 1376 4078; x_wconf 86' lang='lat' dir='ltr'><strong>schol.</strong></span> <span class='ocrx_word' id='word_1_341' title='bbox 1396 4024 1425 4077; x_wconf 88' lang='grc' dir='ltr'><strong><em>Σ</em></strong></span> <span class='ocrx_word' id='word_1_342' title='bbox 1440 4029 1472 4080; x_wconf 81' lang='grc'><strong>22</strong></span> <span class='ocrx_word' id='word_1_343' title='bbox 1490 4025 1526 4081; x_wconf 89' lang='lat' dir='ltr'><strong>de</strong></span> 
     </span>
     <span class='ocr_line' id='line_1_38' title="bbox 356 4095 1526 4175; baseline 0.007 -19"><span class='ocrx_word' id='word_1_344' title='bbox 356 4100 464 4156; x_wconf 84' lang='lat' dir='ltr'><strong>Achille</strong></span> <span class='ocrx_word' id='word_1_345' title='bbox 484 4100 659 4158; x_wconf 82' lang='lat' dir='ltr'><strong>lamentante</strong></span> <span class='ocrx_word' id='word_1_346' title='bbox 681 4096 733 4166; x_wconf 76' lang='lat' dir='ltr'><strong>„td</strong></span> <span class='ocrx_word' id='word_1_347' title='bbox 754 4120 788 4157; x_wconf 84' lang='grc' dir='ltr'><strong>τε</strong></span> <span class='ocrx_word' id='word_1_348' title='bbox 809 4095 905 4166; x_wconf 71' lang='grc' dir='ltr'><strong><em>οὕτως</em></strong></span> <span class='ocrx_word' id='word_1_349' title='bbox 922 4099 1119 4173; x_wconf 64' lang='lat' dir='ltr'><strong>irreparabile</strong></span> <span class='ocrx_word' id='word_1_350' title='bbox 1135 4107 1326 4175; x_wconf 76' lang='grc' dir='ltr'><strong><em>γυναικῶδες·</em></strong></span> <span class='ocrx_word' id='word_1_351' title='bbox 1353 4099 1448 4172; x_wconf 82' lang='grc' dir='ltr'><strong><em>οίίταις</em></strong></span> <span class='ocrx_word' id='word_1_352' title='bbox 1465 4101 1526 4164; x_wconf 70' lang='grc' dir='ltr'><strong>οὔτ’</strong></span> 
     </span>
     <span class='ocr_line' id='line_1_39' title="bbox 356 4179 1526 4259; baseline 0.005 -18"><span class='ocrx_word' id='word_1_353' title='bbox 356 4179 392 4241; x_wconf 74' lang='grc' dir='ltr'><strong>ἂν</strong></span> <span class='ocrx_word' id='word_1_354' title='bbox 408 4183 558 4257; x_wconf 78' lang='grc' dir='ltr'><strong><em>βάρβαρος</em></strong></span> <span class='ocrx_word' id='word_1_355' title='bbox 574 4188 661 4256; x_wconf 74' lang='grc' dir='ltr'><strong><em>τίτθη</em></strong></span> <span class='ocrx_word' id='word_1_356' title='bbox 677 4184 846 4255; x_wconf 49' lang='grc' dir='ltr'><strong><em>ἐποίησευί,</em></strong></span> <span class='ocrx_word' id='word_1_357' title='bbox 868 4202 904 4241; x_wconf 90' lang='lat' dir='ltr'><strong>ne</strong></span> <span class='ocrx_word' id='word_1_358' title='bbox 928 4203 962 4242; x_wconf 90' lang='lat' dir='ltr'><strong>ea</strong></span> <span class='ocrx_word' id='word_1_359' title='bbox 983 4187 1097 4256; x_wconf 86' lang='lat' dir='ltr'><strong>quidem</strong></span> <span class='ocrx_word' id='word_1_360' title='bbox 1120 4205 1194 4243; x_wconf 81' lang='lat' dir='ltr'><strong>nova</strong></span> <span class='ocrx_word' id='word_1_361' title='bbox 1218 4187 1276 4243; x_wconf 89' lang='lat' dir='ltr'><strong>eius</strong></span> <span class='ocrx_word' id='word_1_362' title='bbox 1297 4188 1432 4259; x_wconf 88' lang='lat' dir='ltr'><strong>loquendi</strong></span> <span class='ocrx_word' id='word_1_363' title='bbox 1452 4192 1526 4249; x_wconf 88' lang='lat' dir='ltr'><strong>ratio</strong></span> 
     </span>
     <span class='ocr_line' id='line_1_40' title="bbox 355 4268 1527 4342; baseline 0.007 -18"><span class='ocrx_word' id='word_1_364' title='bbox 355 4270 405 4325; x_wconf 89' lang='lat' dir='ltr'><strong>sed</strong></span> <span class='ocrx_word' id='word_1_365' title='bbox 422 4270 614 4340; x_wconf 79' lang='lat' dir='ltr'><strong>proverbialis3</strong></span> <span class='ocrx_word' id='word_1_366' title='bbox 634 4269 725 4325; x_wconf 80' lang='lat' dir='ltr'><strong>Aristo</strong></span> <span class='ocrx_word' id='word_1_367' title='bbox 742 4268 819 4339; x_wconf 88' lang='lat' dir='ltr'><strong>apud</strong></span> <span class='ocrx_word' id='word_1_368' title='bbox 836 4269 910 4325; x_wconf 82' lang='lat' dir='ltr'><strong>Sext</strong></span> <span class='ocrx_word' id='word_1_369' title='bbox 928 4270 1033 4342; x_wconf 82' lang='lat' dir='ltr'><strong>Empir.</strong></span> <span class='ocrx_word' id='word_1_370' title='bbox 1049 4272 1112 4328; x_wconf 82' lang='lat' dir='ltr'><strong>adv.</strong></span> <span class='ocrx_word' id='word_1_371' title='bbox 1130 4272 1264 4328; x_wconf 82' lang='lat' dir='ltr'><strong>matham.</strong></span> <span class='ocrx_word' id='word_1_372' title='bbox 1284 4273 1335 4329; x_wconf 86' lang='lat' dir='ltr'><strong>VII</strong></span> <span class='ocrx_word' id='word_1_373' title='bbox 1353 4279 1385 4330; x_wconf 83' lang='lat' dir='ltr'><strong>m</strong></span> <span class='ocrx_word' id='word_1_374' title='bbox 1402 4268 1527 4340; x_wconf 74' lang='grc' dir='ltr'><strong><em>τούτους</em></strong></span> 
     </span>
     <span class='ocr_line' id='line_1_41' title="bbox 355 4348 1526 4426; baseline 0.004 -15"><span class='ocrx_word' id='word_1_375' title='bbox 355 4349 413 4426; x_wconf 75' lang='grc' dir='ltr'><strong>γὰρ</strong></span> <span class='ocrx_word' id='word_1_376' title='bbox 431 4353 474 4420; x_wconf 82' lang='grc' dir='ltr'><strong>εἰς</strong></span> <span class='ocrx_word' id='word_1_377' title='bbox 484 4351 587 4419; x_wconf 70' lang='grc' dir='ltr'><strong><em>τίτθας</em></strong></span> <span class='ocrx_word' id='word_1_378' title='bbox 603 4348 639 4411; x_wconf 71' lang='grc' dir='ltr'><strong>ἂν</strong></span> <span class='ocrx_word' id='word_1_379' title='bbox 655 4356 707 4409; x_wconf 82' lang='grc' dir='ltr'><strong><em>καὶ</em></strong></span> <span class='ocrx_word' id='word_1_380' title='bbox 724 4352 931 4426; x_wconf 74' lang='grc' dir='ltr'><strong><em>παιδαγωγοὺς</em></strong></span> <span class='ocrx_word' id='word_1_381' title='bbox 946 4358 1072 4413; x_wconf 80' lang='grc' dir='ltr'><strong><em>πίπτειν.</em></strong></span> <span class='ocrx_word' id='word_1_382' title='bbox 1094 4356 1182 4413; x_wconf 87' lang='lat' dir='ltr'><strong>Addit</strong></span> <span class='ocrx_word' id='word_1_383' title='bbox 1200 4356 1302 4413; x_wconf 88' lang='lat' dir='ltr'><strong>deinde</strong></span> <span class='ocrx_word' id='word_1_384' title='bbox 1313 4358 1431 4415; x_wconf 85' lang='lat' dir='ltr'><strong>Wolfius</strong></span> <span class='ocrx_word' id='word_1_385' title='bbox 1448 4359 1526 4415; x_wconf 89' lang='lat' dir='ltr'><strong>illam</strong></span> 
     </span>
    </p>
   </div>
   <div class='ocr_carea' id='block_1_5' title="bbox 0 0 1718 4934">
    <p class='ocr_par' dir='ltr' id='par_1_5' title="bbox 0 0 1718 4934">
     <span class='ocr_line' id='line_1_42' title="bbox 0 0 1718 4934; baseline 0 1"><span class='ocrx_word' id='word_1_386' title='bbox 0 0 1718 4934; x_wconf 95' lang='lat' dir='ltr'><strong> </strong></span> 
     </span>
    </p>
   </div>
  </div>
 </body>
</html>
