<?xml version="1.0" encoding="UTF-8"?>
<!DOCTYPE html PUBLIC "-//W3C//DTD XHTML 1.0 Transitional//EN"
    "http://www.w3.org/TR/xhtml1/DTD/xhtml1-transitional.dtd">
<html xmlns="http://www.w3.org/1999/xhtml" xml:lang="en" lang="en">
 <head>
  <title>
</title>
<meta http-equiv="Content-Type" content="text/html;charset=utf-8" />
  <meta name='ocr-system' content='tesseract 3.04.00' />
  <meta name='ocr-capabilities' content='ocr_page ocr_carea ocr_par ocr_line ocrx_word'/>
</head>
<body>
  <div class='ocr_page' id='page_1' title='image "./dearistarchistu00ludwgoog_0272.png"; bbox 0 0 3425 4934; ppageno 0'>
   <div class='ocr_carea' id='block_1_1' title="bbox 379 310 1096 380">
    <p class='ocr_par' dir='ltr' id='par_1_1' title="bbox 379 310 1096 380">
     <span class='ocr_line' id='line_1_1' title="bbox 379 310 1096 380; baseline -0.02 -2"><span class='ocrx_word' id='word_1_1' title='bbox 379 315 439 378; x_wconf 78' lang='lat'><strong><em>250</em></strong></span> <span class='ocrx_word' id='word_1_2' title='bbox 540 320 547 336; x_wconf 90' lang='grc'><em>“</em></span> <span class='ocrx_word' id='word_1_3' title='bbox 829 310 877 366; x_wconf 88' lang='lat' dir='ltr'><strong><em>IV.</em></strong></span> <span class='ocrx_word' id='word_1_4' title='bbox 900 311 942 366; x_wconf 86' lang='lat' dir='ltr'><strong><em>De</em></strong></span> <span class='ocrx_word' id='word_1_5' title='bbox 959 310 1096 380; x_wconf 69' lang='lat' dir='ltr'>prosodia.</span> 
     </span>
    </p>
   </div>
   <div class='ocr_carea' id='block_1_2' title="bbox 295 465 1552 4233">
    <p class='ocr_par' dir='ltr' id='par_1_2' title="bbox 375 465 1548 1423">
     <span class='ocr_line' id='line_1_2' title="bbox 379 465 1548 567; baseline 0.001 -28"><span class='ocrx_word' id='word_1_6' title='bbox 379 498 492 564; x_wconf 81' lang='grc' dir='ltr'><strong><em>φωνος</em></strong></span> <span class='ocrx_word' id='word_1_7' title='bbox 512 465 596 541; x_wconf 80' lang='grc' dir='ltr'><strong><em>οὖσα</em></strong></span> <span class='ocrx_word' id='word_1_8' title='bbox 618 474 704 542; x_wconf 80' lang='grc' dir='ltr'><strong><em>κατὰ</em></strong></span> <span class='ocrx_word' id='word_1_9' title='bbox 724 475 839 567; x_wconf 81' lang='grc' dir='ltr'><strong><em>φωνὴν</em></strong></span> <span class='ocrx_word' id='word_1_10' title='bbox 865 474 900 544; x_wconf 81' lang='grc' dir='ltr'><strong><em>ἐν</em></strong></span> <span class='ocrx_word' id='word_1_11' title='bbox 920 481 967 565; x_wconf 80' lang='grc' dir='ltr'><strong><em>τῶ</em></strong></span> <span class='ocrx_word' id='word_1_12' title='bbox 988 470 1078 563; x_wconf 78' lang='grc' dir='ltr'><strong><em>αὐτῷ</em></strong></span> <span class='ocrx_word' id='word_1_13' title='bbox 1100 470 1239 563; x_wconf 72' lang='grc' dir='ltr'><strong><em>ἀριθμῶ</em></strong></span> <span class='ocrx_word' id='word_1_14' title='bbox 1260 471 1393 555; x_wconf 78' lang='grc' dir='ltr'><strong><em>πάντως</em></strong></span> <span class='ocrx_word' id='word_1_15' title='bbox 1412 474 1469 542; x_wconf 83' lang='grc' dir='ltr'><strong><em>καί</em></strong></span> <span class='ocrx_word' id='word_1_16' title='bbox 1489 475 1548 543; x_wconf 86' lang='grc' dir='ltr'><strong><em>τὸν</em></strong></span> 
     </span>
     <span class='ocr_line' id='line_1_3' title="bbox 379 575 1548 674; baseline 0 -26"><span class='ocrx_word' id='word_1_17' title='bbox 379 575 479 648; x_wconf 80' lang='grc' dir='ltr'><strong><em>αὐτὸν</em></strong></span> <span class='ocrx_word' id='word_1_18' title='bbox 503 576 600 649; x_wconf 81' lang='grc' dir='ltr'><strong><em>τόνον</em></strong></span> <span class='ocrx_word' id='word_1_19' title='bbox 620 580 818 674; x_wconf 75' lang='grc' dir='ltr'><strong><em>ἐπιφέρωσι</em></strong></span> <span class='ocrx_word' id='word_1_20' title='bbox 838 579 1065 674; x_wconf 76' lang='grc' dir='ltr'><strong><em>(ἀποφέρεται</em></strong></span> <span class='ocrx_word' id='word_1_21' title='bbox 1086 607 1165 652; x_wconf 85' lang='lat' dir='ltr'>corr.</span> <span class='ocrx_word' id='word_1_22' title='bbox 1185 585 1362 670; x_wconf 77' lang='lat' dir='ltr'>Lehrsius&gt;,</span> <span class='ocrx_word' id='word_1_23' title='bbox 1387 577 1419 648; x_wconf 85' lang='grc' dir='ltr'><strong><em>οί</em></strong></span> <span class='ocrx_word' id='word_1_24' title='bbox 1438 589 1548 664; x_wconf 80' lang='grc' dir='ltr'><strong><em>ταχεῖς</em></strong></span> 
     </span>
     <span class='ocr_line' id='line_1_4' title="bbox 376 685 1546 779; baseline 0.007 -26"><span class='ocrx_word' id='word_1_25' title='bbox 376 687 455 768; x_wconf 77' lang='grc' dir='ltr'><strong><em>τοὺς</em></strong></span> <span class='ocrx_word' id='word_1_26' title='bbox 473 694 590 771; x_wconf 82' lang='grc' dir='ltr'><strong><em>ταχεῖς.</em></strong></span> <span class='ocrx_word' id='word_1_27' title='bbox 620 686 651 756; x_wconf 87' lang='grc' dir='ltr'><strong><em>εἰ</em></strong></span> <span class='ocrx_word' id='word_1_28' title='bbox 672 686 750 779; x_wconf 77' lang='grc' dir='ltr'><strong><em>δδῆ</em></strong></span> <span class='ocrx_word' id='word_1_29' title='bbox 775 686 893 759; x_wconf 58' lang='lat' dir='ltr'>derra</span> <span class='ocrx_word' id='word_1_30' title='bbox 915 687 1075 774; x_wconf 74' lang='grc' dir='ltr'><strong><em>ὀξύνεται,</em></strong></span> <span class='ocrx_word' id='word_1_31' title='bbox 1099 686 1232 770; x_wconf 80' lang='grc' dir='ltr'><strong><em>πάντως</em></strong></span> <span class='ocrx_word' id='word_1_32' title='bbox 1253 690 1309 757; x_wconf 89' lang='grc' dir='ltr'><strong><em>καὶ</em></strong></span> <span class='ocrx_word' id='word_1_33' title='bbox 1329 688 1349 778; x_wconf 85' lang='grc' dir='ltr'><strong><em>ῆ</em></strong></span> <span class='ocrx_word' id='word_1_34' title='bbox 1368 685 1546 778; x_wconf 78' lang='grc' dir='ltr'><strong><em>αἰτιατική.</em></strong></span> 
     </span>
     <span class='ocr_line' id='line_1_5' title="bbox 377 790 1547 887; baseline 0 -24"><span class='ocrx_word' id='word_1_35' title='bbox 377 795 436 863; x_wconf 84' lang='grc' dir='ltr'><strong><em>διὰ</em></strong></span> <span class='ocrx_word' id='word_1_36' title='bbox 463 801 560 864; x_wconf 82' lang='grc' dir='ltr'><strong><em>τοῦτο</em></strong></span> <span class='ocrx_word' id='word_1_37' title='bbox 590 790 650 866; x_wconf 82' lang='grc' dir='ltr'><strong><em>σύν</em></strong></span> <span class='ocrx_word' id='word_1_38' title='bbox 673 794 694 887; x_wconf 86' lang='grc' dir='ltr'><strong><em>ῆ</em></strong></span> <span class='ocrx_word' id='word_1_39' title='bbox 721 797 782 884; x_wconf 80' lang='grc' dir='ltr'><strong><em>μὲν</em></strong></span> <span class='ocrx_word' id='word_1_40' title='bbox 807 795 894 867; x_wconf 89' lang='grc' dir='ltr'><strong><em>αἰδῶ</em></strong></span> <span class='ocrx_word' id='word_1_41' title='bbox 916 795 1083 887; x_wconf 86' lang='grc' dir='ltr'><strong><em>αἰτιατικῆ</em></strong></span> <span class='ocrx_word' id='word_1_42' title='bbox 1106 797 1163 866; x_wconf 86' lang='grc' dir='ltr'><strong><em>καὶ</em></strong></span> <span class='ocrx_word' id='word_1_43' title='bbox 1182 792 1235 886; x_wconf 86' lang='grc' dir='ltr'><strong><em>ῆῶ</em></strong></span> <span class='ocrx_word' id='word_1_44' title='bbox 1254 798 1300 886; x_wconf 86' lang='grc' dir='ltr'><strong><em>μῆ</em></strong></span> <span class='ocrx_word' id='word_1_45' title='bbox 1325 792 1547 881; x_wconf 76' lang='grc' dir='ltr'><strong><em>κρατούμεναι</em></strong></span> 
     </span>
     <span class='ocr_line' id='line_1_6' title="bbox 377 901 1546 997; baseline 0 -27"><span class='ocrx_word' id='word_1_46' title='bbox 377 901 443 972; x_wconf 78' lang='grc' dir='ltr'><strong><em>ὑπὸ</em></strong></span> <span class='ocrx_word' id='word_1_47' title='bbox 463 909 522 992; x_wconf 90' lang='grc' dir='ltr'><strong><em>τῆς</em></strong></span> <span class='ocrx_word' id='word_1_48' title='bbox 541 902 797 991; x_wconf 87' lang='grc' dir='ltr'><strong><em>συνεμπταίσεως</em></strong></span> <span class='ocrx_word' id='word_1_49' title='bbox 816 908 901 974; x_wconf 81' lang='grc' dir='ltr'><strong><em>κατὰ</em></strong></span> <span class='ocrx_word' id='word_1_50' title='bbox 922 908 983 997; x_wconf 88' lang='grc' dir='ltr'><strong><em>τῆν</em></strong></span> <span class='ocrx_word' id='word_1_51' title='bbox 1004 902 1140 974; x_wconf 75' lang='grc' dir='ltr'><strong><em>εὐθεῖαν</em></strong></span> <span class='ocrx_word' id='word_1_52' title='bbox 1161 911 1389 991; x_wconf 80' lang='grc' dir='ltr'><strong><em>περισπῶνται</em></strong></span> <span class='ocrx_word' id='word_1_53' title='bbox 1410 901 1546 987; x_wconf 76' lang='grc' dir='ltr'><strong><em>κατεχό-</em></strong></span> 
     </span>
     <span class='ocr_line' id='line_1_7' title="bbox 375 1009 1545 1107; baseline 0 -29"><span class='ocrx_word' id='word_1_54' title='bbox 375 1035 475 1099; x_wconf 73' lang='grc' dir='ltr'><strong><em>μεναρ</em></strong></span> <span class='ocrx_word' id='word_1_55' title='bbox 494 1017 542 1100; x_wconf 79' lang='grc' dir='ltr'><strong><em>τῶ</em></strong></span> <span class='ocrx_word' id='word_1_56' title='bbox 562 1010 650 1103; x_wconf 81' lang='grc' dir='ltr'><strong><em>λόγῳ</em></strong></span> <span class='ocrx_word' id='word_1_57' title='bbox 672 1018 732 1102; x_wconf 90' lang='grc' dir='ltr'><strong><em>τῆς</em></strong></span> <span class='ocrx_word' id='word_1_58' title='bbox 754 1016 969 1107; x_wconf 74' lang='grc' dir='ltr'><strong><em>συναλοιφῆς,</em></strong></span> <span class='ocrx_word' id='word_1_59' title='bbox 993 1009 1052 1098; x_wconf 86' lang='grc' dir='ltr'><strong><em>οάχ</em></strong></span> <span class='ocrx_word' id='word_1_60' title='bbox 1072 1011 1138 1082; x_wconf 75' lang='grc' dir='ltr'><strong><em>ἀπὸ</em></strong></span> <span class='ocrx_word' id='word_1_61' title='bbox 1166 1020 1226 1083; x_wconf 80' lang='grc' dir='ltr'><strong><em>τοῦ</em></strong></span> <span class='ocrx_word' id='word_1_62' title='bbox 1250 1018 1418 1081; x_wconf 83' lang='grc' dir='ltr'><strong><em>πτωτικοῦ</em></strong></span> <span class='ocrx_word' id='word_1_63' title='bbox 1441 1037 1545 1099; x_wconf 88' lang='grc' dir='ltr'><strong><em>χαρα-</em></strong></span> 
     </span>
     <span class='ocr_line' id='line_1_8' title="bbox 376 1115 1545 1211; baseline 0 -25"><span class='ocrx_word' id='word_1_64' title='bbox 376 1125 504 1207; x_wconf 89' lang='grc' dir='ltr'><strong><em>κτῆρος.</em></strong></span> <span class='ocrx_word' id='word_1_65' title='bbox 539 1116 561 1210; x_wconf 87' lang='grc' dir='ltr'><strong><em>ῆ</em></strong></span> <span class='ocrx_word' id='word_1_66' title='bbox 579 1119 616 1188; x_wconf 79' lang='grc' dir='ltr'><strong><em>δέ</em></strong></span> <span class='ocrx_word' id='word_1_67' title='bbox 629 1117 734 1211; x_wconf 85' lang='grc' dir='ltr'><strong><em>Λητῶ</em></strong></span> <span class='ocrx_word' id='word_1_68' title='bbox 749 1123 807 1190; x_wconf 81' lang='grc' dir='ltr'><strong><em>καὶ</em></strong></span> <span class='ocrx_word' id='word_1_69' title='bbox 820 1119 941 1203; x_wconf 76' lang='grc' dir='ltr'><strong><em>Πυθώ,</em></strong></span> <span class='ocrx_word' id='word_1_70' title='bbox 958 1122 1080 1208; x_wconf 85' lang='grc' dir='ltr'><strong><em>καίπερ</em></strong></span> <span class='ocrx_word' id='word_1_71' title='bbox 1095 1126 1126 1208; x_wconf 85' lang='grc' dir='ltr'><strong><em>(λ</em></strong></span> <span class='ocrx_word' id='word_1_72' title='bbox 1140 1119 1310 1207; x_wconf 72' lang='grc' dir='ltr'><strong><em>καθάπερ)</em></strong></span> <span class='ocrx_word' id='word_1_73' title='bbox 1329 1115 1545 1205; x_wconf 83' lang='grc' dir='ltr'><strong><em>κατεχόμεναι</em></strong></span> 
     </span>
     <span class='ocr_line' id='line_1_9' title="bbox 376 1223 1543 1321; baseline -0.002 -27"><span class='ocrx_word' id='word_1_74' title='bbox 376 1223 444 1295; x_wconf 77' lang='grc' dir='ltr'><strong><em>ὑπὸ</em></strong></span> <span class='ocrx_word' id='word_1_75' title='bbox 470 1237 529 1318; x_wconf 84' lang='grc' dir='ltr'><strong><em>τῆς</em></strong></span> <span class='ocrx_word' id='word_1_76' title='bbox 558 1227 816 1315; x_wconf 86' lang='grc' dir='ltr'><strong><em>συνεμπτιύσεως</em></strong></span> <span class='ocrx_word' id='word_1_77' title='bbox 843 1236 1056 1321; x_wconf 75' lang='grc' dir='ltr'><strong><em>τῆςφωνῆς,</em></strong></span> <span class='ocrx_word' id='word_1_78' title='bbox 1085 1229 1277 1313; x_wconf 83' lang='grc' dir='ltr'><strong><em>κατέχονται</em></strong></span> <span class='ocrx_word' id='word_1_79' title='bbox 1303 1228 1360 1296; x_wconf 81' lang='grc' dir='ltr'><strong><em>καλ</em></strong></span> <span class='ocrx_word' id='word_1_80' title='bbox 1387 1233 1435 1316; x_wconf 75' lang='grc' dir='ltr'><strong><em>τῷ</em></strong></span> <span class='ocrx_word' id='word_1_81' title='bbox 1459 1224 1543 1317; x_wconf 80' lang='grc' dir='ltr'><strong><em>τόνῳ</em></strong></span> 
     </span>
     <span class='ocr_line' id='line_1_10' title="bbox 378 1339 635 1423; baseline 0.004 -19"><span class='ocrx_word' id='word_1_82' title='bbox 378 1340 429 1421; x_wconf 88' lang='lat' dir='ltr'>(of.</span> <span class='ocrx_word' id='word_1_83' title='bbox 452 1339 493 1406; x_wconf 85' lang='lat' dir='ltr'><strong><em>ad</em></strong></span> <span class='ocrx_word' id='word_1_84' title='bbox 514 1341 534 1402; x_wconf 86' lang='lat' dir='ltr'><strong><em>I</em></strong></span> <span class='ocrx_word' id='word_1_85' title='bbox 553 1344 635 1423; x_wconf 78' lang='lat'><strong>240).</strong></span> 
     </span>
    </p>

    <p class='ocr_par' dir='ltr' id='par_1_3' title="bbox 460 1447 1545 1534">
     <span class='ocr_line' id='line_1_11' title="bbox 460 1447 1545 1534; baseline -0.001 -21"><span class='ocrx_word' id='word_1_86' title='bbox 460 1447 560 1514; x_wconf 81' lang='lat' dir='ltr'><strong>Vides</strong></span> <span class='ocrx_word' id='word_1_87' title='bbox 587 1449 664 1533; x_wconf 87' lang='lat' dir='ltr'><strong><em>quid</em></strong></span> <span class='ocrx_word' id='word_1_88' title='bbox 693 1448 748 1513; x_wconf 88' lang='lat' dir='ltr'><strong><em>alii</em></strong></span> <span class='ocrx_word' id='word_1_89' title='bbox 773 1453 806 1514; x_wconf 91' lang='lat' dir='ltr'><strong><em>et</em></strong></span> <span class='ocrx_word' id='word_1_90' title='bbox 830 1450 893 1534; x_wconf 80' lang='lat' dir='ltr'><strong><em>ipsi</em></strong></span> <span class='ocrx_word' id='word_1_91' title='bbox 913 1450 1090 1516; x_wconf 73' lang='lat' dir='ltr'><strong>Aristarchi</strong></span> <span class='ocrx_word' id='word_1_92' title='bbox 1117 1448 1265 1534; x_wconf 85' lang='lat' dir='ltr'><strong>discipuli</strong></span> <span class='ocrx_word' id='word_1_93' title='bbox 1289 1454 1327 1515; x_wconf 88' lang='lat' dir='ltr'><strong><em>nt</em></strong></span> <span class='ocrx_word' id='word_1_94' title='bbox 1352 1449 1460 1514; x_wconf 83' lang='lat' dir='ltr'>omnia</span> <span class='ocrx_word' id='word_1_95' title='bbox 1480 1470 1545 1513; x_wconf 87' lang='lat' dir='ltr'><strong><em>una</em></strong></span> 
     </span>
    </p>

    <p class='ocr_par' dir='ltr' id='par_1_4' title="bbox 295 1555 1550 3478">
     <span class='ocr_line' id='line_1_12' title="bbox 378 1555 1543 1642; baseline -0.003 -20"><span class='ocrx_word' id='word_1_96' title='bbox 378 1556 546 1642; x_wconf 78' lang='lat' dir='ltr'>analogiae</span> <span class='ocrx_word' id='word_1_97' title='bbox 566 1556 639 1642; x_wconf 79' lang='lat' dir='ltr'>lege</span> <span class='ocrx_word' id='word_1_98' title='bbox 661 1556 903 1623; x_wconf 77' lang='lat' dir='ltr'>continerentur</span> <span class='ocrx_word' id='word_1_99' title='bbox 922 1557 1097 1623; x_wconf 81' lang='lat' dir='ltr'>machinati</span> <span class='ocrx_word' id='word_1_100' title='bbox 1118 1557 1190 1622; x_wconf 85' lang='lat' dir='ltr'><strong><em>sint</em></strong></span> <span class='ocrx_word' id='word_1_101' title='bbox 1218 1555 1423 1620; x_wconf 77' lang='lat' dir='ltr'><strong>Aristarchus</strong></span> <span class='ocrx_word' id='word_1_102' title='bbox 1442 1555 1543 1620; x_wconf 88' lang='lat' dir='ltr'>offen·</span> 
     </span>
     <span class='ocr_line' id='line_1_13' title="bbox 295 1655 1543 1749; baseline -0.002 -20"><span class='ocrx_word' id='word_1_103' title='bbox 295 1667 366 1738; x_wconf 79' lang='lat'>(261)</span> <span class='ocrx_word' id='word_1_104' title='bbox 380 1687 434 1729; x_wconf 82' lang='lat' dir='ltr'><strong><em>sua</em></strong></span> <span class='ocrx_word' id='word_1_105' title='bbox 456 1669 506 1729; x_wconf 82' lang='lat' dir='ltr'><strong><em>eat</em></strong></span> <span class='ocrx_word' id='word_1_106' title='bbox 531 1667 664 1729; x_wconf 81' lang='lat' dir='ltr'>accentu</span> <span class='ocrx_word' id='word_1_107' title='bbox 686 1655 747 1749; x_wconf 78' lang='grc' dir='ltr'><strong><em>ἠῶ,</em></strong></span> <span class='ocrx_word' id='word_1_108' title='bbox 772 1657 869 1742; x_wconf 89' lang='grc' dir='ltr'><strong><em>αἰδῶ,</em></strong></span> <span class='ocrx_word' id='word_1_109' title='bbox 895 1666 951 1749; x_wconf 90' lang='lat' dir='ltr'><strong><em>qui</em></strong></span> <span class='ocrx_word' id='word_1_110' title='bbox 971 1664 1169 1749; x_wconf 90' lang='lat' dir='ltr'>reliquorum</span> <span class='ocrx_word' id='word_1_111' title='bbox 1190 1662 1392 1728; x_wconf 75' lang='lat' dir='ltr'><strong>similitudini</strong></span> <span class='ocrx_word' id='word_1_112' title='bbox 1413 1684 1478 1727; x_wconf 89' lang='lat' dir='ltr'><strong><em>non</em></strong></span> <span class='ocrx_word' id='word_1_113' title='bbox 1491 1685 1543 1727; x_wconf 89' lang='lat' dir='ltr'><strong><em>re·</em></strong></span> 
     </span>
     <span class='ocr_line' id='line_1_14' title="bbox 378 1769 1542 1857; baseline -0.003 -20"><span class='ocrx_word' id='word_1_114' title='bbox 378 1771 573 1857; x_wconf 79' lang='lat' dir='ltr'>spondebat:</span> <span class='ocrx_word' id='word_1_115' title='bbox 600 1776 742 1837; x_wconf 85' lang='lat' dir='ltr'>attamen</span> <span class='ocrx_word' id='word_1_116' title='bbox 764 1771 911 1851; x_wconf 78' lang='lat' dir='ltr'><strong>adscivit,</strong></span> <span class='ocrx_word' id='word_1_117' title='bbox 936 1772 1021 1837; x_wconf 90' lang='lat' dir='ltr'>unde</span> <span class='ocrx_word' id='word_1_118' title='bbox 1042 1772 1162 1837; x_wconf 85' lang='lat' dir='ltr'><strong><em>nisiex</em></strong></span> <span class='ocrx_word' id='word_1_119' title='bbox 1182 1773 1264 1836; x_wconf 81' lang='lat' dir='ltr'>usu?</span> <span class='ocrx_word' id='word_1_120' title='bbox 1297 1769 1542 1855; x_wconf 81' lang='lat' dir='ltr'>Peropportune</span> 
     </span>
     <span class='ocr_line' id='line_1_15' title="bbox 378 1876 1544 1964; baseline -0.003 -20"><span class='ocrx_word' id='word_1_121' title='bbox 378 1879 472 1944; x_wconf 88' lang='lat' dir='ltr'>offert</span> <span class='ocrx_word' id='word_1_122' title='bbox 501 1901 535 1944; x_wconf 82' lang='lat' dir='ltr'><strong><em>ee</em></strong></span> <span class='ocrx_word' id='word_1_123' title='bbox 564 1878 655 1944; x_wconf 83' lang='lat' dir='ltr'>locus</span> <span class='ocrx_word' id='word_1_124' title='bbox 685 1878 852 1962; x_wconf 88' lang='lat' dir='ltr'>Apollonii</span> <span class='ocrx_word' id='word_1_125' title='bbox 883 1879 1014 1964; x_wconf 84' lang='lat' dir='ltr'>Dyscoli</span> <span class='ocrx_word' id='word_1_126' title='bbox 1041 1879 1080 1944; x_wconf 87' lang='lat' dir='ltr'><strong><em>de</em></strong></span> <span class='ocrx_word' id='word_1_127' title='bbox 1111 1901 1201 1964; x_wconf 90' lang='lat' dir='ltr'>pron.</span> <span class='ocrx_word' id='word_1_128' title='bbox 1230 1876 1322 1958; x_wconf 69' lang='lat'>1121),</span> <span class='ocrx_word' id='word_1_129' title='bbox 1351 1900 1416 1963; x_wconf 91' lang='lat' dir='ltr'><strong><em>quo</em></strong></span> <span class='ocrx_word' id='word_1_130' title='bbox 1443 1878 1544 1961; x_wconf 83' lang='lat' dir='ltr'><strong>magis</strong></span> 
     </span>
     <span class='ocr_line' id='line_1_16' title="bbox 378 1978 1545 2071; baseline -0.005 -18"><span class='ocrx_word' id='word_1_131' title='bbox 378 1987 475 2053; x_wconf 83' lang='lat' dir='ltr'>etiam</span> <span class='ocrx_word' id='word_1_132' title='bbox 499 2008 551 2052; x_wconf 82' lang='lat' dir='ltr'><strong><em>rea</em></strong></span> <span class='ocrx_word' id='word_1_133' title='bbox 578 1985 612 2050; x_wconf 92' lang='lat' dir='ltr'><strong><em>in</em></strong></span> <span class='ocrx_word' id='word_1_134' title='bbox 639 1986 812 2071; x_wconf 86' lang='lat' dir='ltr'>propatulo</span> <span class='ocrx_word' id='word_1_135' title='bbox 838 1987 893 2053; x_wconf 85' lang='lat' dir='ltr'><strong>sit:</strong></span> <span class='ocrx_word' id='word_1_136' title='bbox 921 1978 1031 2064; x_wconf 84' lang='grc' dir='ltr'><strong><em>ἀλλως</em></strong></span> <span class='ocrx_word' id='word_1_137' title='bbox 1055 2008 1091 2050; x_wconf 91' lang='grc' dir='ltr'><strong><em>τε</em></strong></span> <span class='ocrx_word' id='word_1_138' title='bbox 1112 1983 1154 2050; x_wconf 87' lang='grc' dir='ltr'><strong><em>τὰ</em></strong></span> <span class='ocrx_word' id='word_1_139' title='bbox 1174 1978 1223 2062; x_wconf 83' lang='grc' dir='ltr'><strong><em>εἰς</em></strong></span> <span class='ocrx_word' id='word_1_140' title='bbox 1242 2008 1269 2049; x_wconf 88' lang='grc' dir='ltr'><strong><em>ιο</em></strong></span> <span class='ocrx_word' id='word_1_141' title='bbox 1291 1979 1434 2071; x_wconf 76' lang='grc' dir='ltr'><strong><em>λήγοντα</em></strong></span> <span class='ocrx_word' id='word_1_142' title='bbox 1454 2006 1545 2047; x_wconf 89' lang='grc' dir='ltr'><strong><em>πτω-</em></strong></span> 
     </span>
     <span class='ocr_line' id='line_1_17' title="bbox 376 2085 1544 2176; baseline -0.003 -17"><span class='ocrx_word' id='word_1_143' title='bbox 376 2091 452 2159; x_wconf 87' lang='grc' dir='ltr'><strong><em>τικὰ</em></strong></span> <span class='ocrx_word' id='word_1_144' title='bbox 473 2087 611 2171; x_wconf 83' lang='grc' dir='ltr'><strong><em>κλίσεως</em></strong></span> <span class='ocrx_word' id='word_1_145' title='bbox 630 2088 830 2176; x_wconf 79' lang='grc' dir='ltr'><strong><em>τυγχάνοντα</em></strong></span> <span class='ocrx_word' id='word_1_146' title='bbox 849 2085 972 2160; x_wconf 78' lang='grc' dir='ltr'><strong><em>ούποτε</em></strong></span> <span class='ocrx_word' id='word_1_147' title='bbox 986 2090 1220 2176; x_wconf 86' lang='grc' dir='ltr'><strong><em>περισπασμόν</em></strong></span> <span class='ocrx_word' id='word_1_148' title='bbox 1234 2086 1420 2172; x_wconf 86' lang='grc' dir='ltr'><strong><em>ἀνεδέξατο.</em></strong></span> <span class='ocrx_word' id='word_1_149' title='bbox 1441 2089 1544 2176; x_wconf 79' lang='grc' dir='ltr'><strong><em>τούτῳ</em></strong></span> 
     </span>
     <span class='ocr_line' id='line_1_18' title="bbox 378 2193 1546 2288; baseline -0.003 -22"><span class='ocrx_word' id='word_1_150' title='bbox 378 2198 439 2286; x_wconf 81' lang='grc' dir='ltr'><strong><em>γὰρ</em></strong></span> <span class='ocrx_word' id='word_1_151' title='bbox 463 2204 511 2288; x_wconf 74' lang='grc' dir='ltr'><strong><em>τῷ</em></strong></span> <span class='ocrx_word' id='word_1_152' title='bbox 536 2194 624 2288; x_wconf 81' lang='grc' dir='ltr'><strong><em>λόγῳ</em></strong></span> <span class='ocrx_word' id='word_1_153' title='bbox 651 2196 753 2288; x_wconf 84' lang='grc' dir='ltr'><strong><em>καίῆ</em></strong></span> <span class='ocrx_word' id='word_1_154' title='bbox 782 2195 844 2266; x_wconf 86' lang='grc' dir='ltr'><strong><em>νεῶ</em></strong></span> <span class='ocrx_word' id='word_1_155' title='bbox 873 2199 984 2287; x_wconf 83' lang='grc' dir='ltr'><strong><em>γενικὴ</em></strong></span> <span class='ocrx_word' id='word_1_156' title='bbox 1011 2193 1223 2287; x_wconf 78' lang='grc' dir='ltr'><strong><em>ῶξιτονῆθη,</em></strong></span> <span class='ocrx_word' id='word_1_157' title='bbox 1250 2199 1334 2284; x_wconf 83' lang='grc' dir='ltr'><strong><em>μετὰ</em></strong></span> <span class='ocrx_word' id='word_1_158' title='bbox 1356 2198 1413 2265; x_wconf 87' lang='grc' dir='ltr'><strong><em>καὶ</em></strong></span> <span class='ocrx_word' id='word_1_159' title='bbox 1434 2193 1546 2263; x_wconf 84' lang='grc' dir='ltr'><strong><em>ἀλλων</em></strong></span> 
     </span>
     <span class='ocr_line' id='line_1_19' title="bbox 378 2301 1416 2395; baseline -0.001 -22"><span class='ocrx_word' id='word_1_160' title='bbox 378 2303 484 2394; x_wconf 89' lang='grc' dir='ltr'><strong><em>λόγων</em></strong></span> <span class='ocrx_word' id='word_1_161' title='bbox 504 2311 564 2394; x_wconf 88' lang='grc' dir='ltr'><strong><em>τῆς</em></strong></span> <span class='ocrx_word' id='word_1_162' title='bbox 584 2312 716 2395; x_wconf 81' lang='grc' dir='ltr'><strong><em>γενικῆς</em></strong></span> <span class='ocrx_word' id='word_1_163' title='bbox 733 2305 791 2375; x_wconf 85' lang='grc' dir='ltr'><strong><em>τὸν</em></strong></span> <span class='ocrx_word' id='word_1_164' title='bbox 813 2306 1048 2392; x_wconf 87' lang='grc' dir='ltr'><strong><em>περισπασμὸν</em></strong></span> <span class='ocrx_word' id='word_1_165' title='bbox 1068 2301 1287 2394; x_wconf 79' lang='grc' dir='ltr'><strong><em>ἀπαιτούσης·</em></strong></span> <span class='ocrx_word' id='word_1_166' title='bbox 1305 2305 1361 2373; x_wconf 87' lang='grc' dir='ltr'><strong><em>καί</em></strong></span> <span class='ocrx_word' id='word_1_167' title='bbox 1378 2304 1416 2372; x_wconf 86' lang='grc' dir='ltr'><strong><em>τὸ</em></strong></span> 
     </span>
     <span class='ocr_line' id='line_1_20' title="bbox 586 2413 917 2504; baseline -0.006 -22"><span class='ocrx_word' id='word_1_168' title='bbox 586 2414 689 2504; x_wconf 83' lang='grc' dir='ltr'><strong><em>Λητιὺ</em></strong></span> <span class='ocrx_word' id='word_1_169' title='bbox 712 2413 773 2502; x_wconf 86' lang='grc' dir='ltr'><strong><em>γὰρ</em></strong></span> <span class='ocrx_word' id='word_1_170' title='bbox 793 2413 917 2504; x_wconf 84' lang='grc' dir='ltr'><strong><em>ῆλκησε</em></strong></span> 
     </span>
     <span class='ocr_line' id='line_1_21' title="bbox 379 2520 908 2591; baseline 0 -2"><span class='ocrx_word' id='word_1_171' title='bbox 379 2520 493 2591; x_wconf 83' lang='grc' dir='ltr'><strong><em>καὶτὸ</em></strong></span> <span class='ocrx_word' id='word_1_172' title='bbox 905 2542 908 2548; x_wconf 78' lang='grc'><em>’</em></span> 
     </span>
     <span class='ocr_line' id='line_1_22' title="bbox 587 2624 935 2720; baseline 0.003 -24"><span class='ocrx_word' id='word_1_173' title='bbox 587 2624 733 2697; x_wconf 72' lang='grc' dir='ltr'><strong><em>Πυθώδ’</em></strong></span> <span class='ocrx_word' id='word_1_174' title='bbox 758 2629 935 2720; x_wconf 76' lang='grc' dir='ltr'><strong><em>ἐρχομένην</em></strong></span> 
     </span>
     <span class='ocr_line' id='line_1_23' title="bbox 378 2732 1549 2829; baseline -0.003 -22"><span class='ocrx_word' id='word_1_175' title='bbox 378 2737 435 2808; x_wconf 87' lang='grc' dir='ltr'><strong><em>καί</em></strong></span> <span class='ocrx_word' id='word_1_176' title='bbox 455 2732 650 2817; x_wconf 24' lang='grc' dir='ltr'><strong><em>τδιντούτοις</em></strong></span> <span class='ocrx_word' id='word_1_177' title='bbox 674 2735 909 2829; x_wconf 80' lang='grc' dir='ltr'><strong><em>παραπλήσια,</em></strong></span> <span class='ocrx_word' id='word_1_178' title='bbox 938 2734 1000 2806; x_wconf 78' lang='grc' dir='ltr'><strong><em>κάν</em></strong></span> <span class='ocrx_word' id='word_1_179' title='bbox 1020 2738 1058 2809; x_wconf 89' lang='grc' dir='ltr'><strong><em>τὸ</em></strong></span> <span class='ocrx_word' id='word_1_180' title='bbox 1081 2737 1207 2818; x_wconf 79' lang='grc' dir='ltr'><strong><em>ἐντελὲς</em></strong></span> <span class='ocrx_word' id='word_1_181' title='bbox 1227 2735 1325 2820; x_wconf 65' lang='lat' dir='ltr'><strong><em>{ignor</em></strong></span> <span class='ocrx_word' id='word_1_182' title='bbox 1348 2733 1468 2825; x_wconf 84' lang='grc' dir='ltr'><strong><em>Λητόα</em></strong></span> <span class='ocrx_word' id='word_1_183' title='bbox 1489 2735 1549 2803; x_wconf 81' lang='grc' dir='ltr'><strong><em>καὶ</em></strong></span> 
     </span>
     <span class='ocr_line' id='line_1_24' title="bbox 378 2839 1549 2937; baseline -0.003 -22"><span class='ocrx_word' id='word_1_184' title='bbox 378 2842 522 2927; x_wconf 74' lang='grc' dir='ltr'><strong><em>Πυθία,</em></strong></span> <span class='ocrx_word' id='word_1_185' title='bbox 551 2841 740 2933; x_wconf 83' lang='grc' dir='ltr'><strong><em>ἀναγκαίως</em></strong></span> <span class='ocrx_word' id='word_1_186' title='bbox 764 2843 906 2937; x_wconf 73' lang='grc' dir='ltr'><strong><em>ῶξίνθη.</em></strong></span> <span class='ocrx_word' id='word_1_187' title='bbox 952 2846 1047 2914; x_wconf 71' lang='grc' dir='ltr'><strong><em>ἕνεκα</em></strong></span> <span class='ocrx_word' id='word_1_188' title='bbox 1073 2847 1134 2934; x_wconf 86' lang='grc' dir='ltr'><strong><em>γὰρ</em></strong></span> <span class='ocrx_word' id='word_1_189' title='bbox 1165 2844 1283 2914; x_wconf 86' lang='grc' dir='ltr'><strong><em>τούτου</em></strong></span> <span class='ocrx_word' id='word_1_190' title='bbox 1309 2845 1367 2912; x_wconf 83' lang='grc' dir='ltr'><strong><em>καὶ</em></strong></span> <span class='ocrx_word' id='word_1_191' title='bbox 1394 2839 1549 2912; x_wconf 83' lang='grc' dir='ltr'><strong><em>διυταίσαι</em></strong></span> 
     </span>
     <span class='ocr_line' id='line_1_25' title="bbox 378 2950 952 3045; baseline -0.003 -22"><span class='ocrx_word' id='word_1_192' title='bbox 378 2956 436 3027; x_wconf 89' lang='grc' dir='ltr'><strong><em>τὸν</em></strong></span> <span class='ocrx_word' id='word_1_193' title='bbox 454 2950 669 3043; x_wconf 83' lang='grc' dir='ltr'><strong><em>Ἀρίσταρχόν</em></strong></span> <span class='ocrx_word' id='word_1_194' title='bbox 690 2978 776 3045; x_wconf 82' lang='grc' dir='ltr'><strong><em>φασι</em></strong></span> <span class='ocrx_word' id='word_1_195' title='bbox 795 2955 874 3040; x_wconf 86' lang='grc' dir='ltr'><strong><em>περὶ</em></strong></span> <span class='ocrx_word' id='word_1_196' title='bbox 893 2960 952 3023; x_wconf 83' lang='grc' dir='ltr'><strong><em>τοῦ</em></strong></span> 
     </span>
     <span class='ocr_line' id='line_1_26' title="bbox 586 3057 1161 3152; baseline 0.007 -23"><span class='ocrx_word' id='word_1_197' title='bbox 586 3057 640 3152; x_wconf 85' lang='grc' dir='ltr'><strong><em>ῆῶ</em></strong></span> <span class='ocrx_word' id='word_1_198' title='bbox 657 3064 732 3129; x_wconf 87' lang='grc' dir='ltr'><strong><em>δῖαν</em></strong></span> <span class='ocrx_word' id='word_1_199' title='bbox 752 3059 862 3147; x_wconf 60' lang='grc' dir='ltr'><strong><em>έζιιεινε</em></strong></span> <span class='ocrx_word' id='word_1_200' title='bbox 883 3059 1016 3151; x_wconf 71' lang='grc' dir='ltr'><strong><em>(ἔμιμνε</em></strong></span> <span class='ocrx_word' id='word_1_201' title='bbox 1037 3069 1058 3130; x_wconf 91' lang='lat' dir='ltr'><em>I</em></span> <span class='ocrx_word' id='word_1_202' title='bbox 1076 3065 1161 3151; x_wconf 69' lang='lat'><strong>662),</strong></span> 
     </span>
     <span class='ocr_line' id='line_1_27' title="bbox 379 3162 1550 3260; baseline -0.003 -21"><span class='ocrx_word' id='word_1_203' title='bbox 379 3171 471 3240; x_wconf 72' lang='grc' dir='ltr'><strong><em>καθὸ</em></strong></span> <span class='ocrx_word' id='word_1_204' title='bbox 505 3176 535 3257; x_wconf 89' lang='lat' dir='ltr'><strong><em>(l.</em></strong></span> <span class='ocrx_word' id='word_1_205' title='bbox 563 3168 687 3257; x_wconf 89' lang='grc' dir='ltr'><strong><em>καίτοι)</em></strong></span> <span class='ocrx_word' id='word_1_206' title='bbox 714 3162 756 3260; x_wconf 82' lang='grc' dir='ltr'><strong><em>ῆν</em></strong></span> <span class='ocrx_word' id='word_1_207' title='bbox 785 3170 823 3239; x_wconf 90' lang='grc' dir='ltr'><strong><em>τὸ</em></strong></span> <span class='ocrx_word' id='word_1_208' title='bbox 851 3169 977 3250; x_wconf 76' lang='grc' dir='ltr'><strong><em>ἐντελὲς</em></strong></span> <span class='ocrx_word' id='word_1_209' title='bbox 1001 3165 1068 3260; x_wconf 85' lang='grc' dir='ltr'><strong><em>ῆόα</em></strong></span> <span class='ocrx_word' id='word_1_210' title='bbox 1095 3174 1116 3239; x_wconf 90' lang='lat' dir='ltr'><strong><em>i.</em></strong></span> <span class='ocrx_word' id='word_1_211' title='bbox 1144 3197 1168 3241; x_wconf 87' lang='lat' dir='ltr'><strong><em>e.</em></strong></span> <span class='ocrx_word' id='word_1_212' title='bbox 1196 3195 1390 3258; x_wconf 85' lang='lat' dir='ltr'>quamquam</span> <span class='ocrx_word' id='word_1_213' title='bbox 1418 3171 1550 3258; x_wconf 86' lang='lat' dir='ltr'>propria</span> 
     </span>
     <span class='ocr_line' id='line_1_28' title="bbox 380 3274 1548 3368; baseline -0.002 -21"><span class='ocrx_word' id='word_1_214' title='bbox 380 3284 484 3349; x_wconf 87' lang='lat' dir='ltr'>forma</span> <span class='ocrx_word' id='word_1_215' title='bbox 505 3286 573 3349; x_wconf 87' lang='lat' dir='ltr'>erat</span> <span class='ocrx_word' id='word_1_216' title='bbox 594 3274 659 3368; x_wconf 84' lang='grc' dir='ltr'><strong><em>ῆόα</em></strong></span> <span class='ocrx_word' id='word_1_217' title='bbox 681 3303 785 3367; x_wconf 85' lang='lat' dir='ltr'>neque</span> <span class='ocrx_word' id='word_1_218' title='bbox 808 3284 881 3348; x_wconf 88' lang='lat' dir='ltr'><strong><em>ideo</em></strong></span> <span class='ocrx_word' id='word_1_219' title='bbox 902 3282 1038 3348; x_wconf 86' lang='lat' dir='ltr'><strong><em>mirandi</em></strong></span> <span class='ocrx_word' id='word_1_220' title='bbox 1060 3304 1156 3348; x_wconf 83' lang='lat' dir='ltr'>causa</span> <span class='ocrx_word' id='word_1_221' title='bbox 1175 3285 1243 3346; x_wconf 84' lang='lat' dir='ltr'>erat</span> <span class='ocrx_word' id='word_1_222' title='bbox 1264 3282 1326 3347; x_wconf 85' lang='lat' dir='ltr'><strong><em>nisi</em></strong></span> <span class='ocrx_word' id='word_1_223' title='bbox 1347 3304 1386 3347; x_wconf 84' lang='lat' dir='ltr'><strong><em>ex</em></strong></span> <span class='ocrx_word' id='word_1_224' title='bbox 1405 3281 1548 3366; x_wconf 87' lang='lat' dir='ltr'>reliquo·</span> 
     </span>
     <span class='ocr_line' id='line_1_29' title="bbox 378 3390 630 3478; baseline 0 -20"><span class='ocrx_word' id='word_1_225' title='bbox 378 3414 450 3458; x_wconf 88' lang='lat' dir='ltr'><strong><em>rum</em></strong></span> <span class='ocrx_word' id='word_1_226' title='bbox 471 3390 630 3478; x_wconf 78' lang='lat' dir='ltr'>analogia.</span> 
     </span>
    </p>

    <p class='ocr_par' dir='ltr' id='par_1_5' title="bbox 380 3489 1552 4126">
     <span class='ocr_line' id='line_1_30' title="bbox 463 3489 1549 3585; baseline -0.006 -19"><span class='ocrx_word' id='word_1_227' title='bbox 463 3498 617 3567; x_wconf 84' lang='lat' dir='ltr'><strong><em>Similiter</em></strong></span> <span class='ocrx_word' id='word_1_228' title='bbox 644 3500 745 3585; x_wconf 83' lang='lat' dir='ltr'><strong>igitur</strong></span> <span class='ocrx_word' id='word_1_229' title='bbox 776 3499 981 3565; x_wconf 82' lang='lat' dir='ltr'><strong><em>iudicandum</em></strong></span> <span class='ocrx_word' id='word_1_230' title='bbox 1003 3500 1064 3565; x_wconf 87' lang='lat' dir='ltr'>en&#39;t</span> <span class='ocrx_word' id='word_1_231' title='bbox 1083 3500 1122 3565; x_wconf 86' lang='lat' dir='ltr'><strong><em>de</em></strong></span> <span class='ocrx_word' id='word_1_232' title='bbox 1144 3489 1263 3574; x_wconf 79' lang='grc' dir='ltr'><strong><em>θῶσιν,</em></strong></span> <span class='ocrx_word' id='word_1_233' title='bbox 1294 3490 1413 3578; x_wconf 82' lang='grc' dir='ltr'><strong><em>δμώων</em></strong></span> <span class='ocrx_word' id='word_1_234' title='bbox 1433 3495 1549 3561; x_wconf 89' lang='lat' dir='ltr'><strong>simili-</strong></span> 
     </span>
     <span class='ocr_line' id='line_1_31' title="bbox 380 3604 1548 3694; baseline -0.007 -18"><span class='ocrx_word' id='word_1_235' title='bbox 380 3611 506 3694; x_wconf 83' lang='lat' dir='ltr'>busque</span> <span class='ocrx_word' id='word_1_236' title='bbox 533 3607 695 3694; x_wconf 81' lang='lat' dir='ltr'><strong><em>genitiris3</em></strong></span> <span class='ocrx_word' id='word_1_237' title='bbox 732 3607 771 3673; x_wconf 86' lang='lat' dir='ltr'><strong><em>de</em></strong></span> <span class='ocrx_word' id='word_1_238' title='bbox 800 3608 917 3692; x_wconf 85' lang='lat' dir='ltr'>quibus</span> <span class='ocrx_word' id='word_1_239' title='bbox 943 3606 1145 3673; x_wconf 88' lang='lat' dir='ltr'>Herodianus</span> <span class='ocrx_word' id='word_1_240' title='bbox 1179 3605 1317 3692; x_wconf 83' lang='lat' dir='ltr'><strong><em>explicat</em></strong></span> <span class='ocrx_word' id='word_1_241' title='bbox 1347 3604 1388 3669; x_wconf 87' lang='lat' dir='ltr'><strong><em>ad</em></strong></span> <span class='ocrx_word' id='word_1_242' title='bbox 1414 3607 1449 3665; x_wconf 90' lang='lat' dir='ltr'><strong><em>N</em></strong></span> <span class='ocrx_word' id='word_1_243' title='bbox 1476 3608 1548 3671; x_wconf 83' lang='lat'>103:</span> 
     </span>
     <span class='ocr_line' id='line_1_32' title="bbox 380 3707 1548 3803; baseline -0.003 -23"><span class='ocrx_word' id='word_1_244' title='bbox 380 3714 418 3782; x_wconf 87' lang='grc' dir='ltr'><strong><em>τὸ</em></strong></span> <span class='ocrx_word' id='word_1_245' title='bbox 435 3712 472 3781; x_wconf 87' lang='grc' dir='ltr'><strong><em>δέ</em></strong></span> <span class='ocrx_word' id='word_1_246' title='bbox 486 3712 589 3779; x_wconf 77' lang='grc' dir='ltr'><strong><em>θυίων</em></strong></span> <span class='ocrx_word' id='word_1_247' title='bbox 603 3709 689 3781; x_wconf 60' lang='lat' dir='ltr'>aaron</span> <span class='ocrx_word' id='word_1_248' title='bbox 702 3717 920 3800; x_wconf 84' lang='grc' dir='ltr'><strong><em>περισπῶσιν,</em></strong></span> <span class='ocrx_word' id='word_1_249' title='bbox 942 3707 981 3778; x_wconf 78' lang='grc' dir='ltr'><strong><em>ἵν’</em></strong></span> <span class='ocrx_word' id='word_1_250' title='bbox 999 3709 1143 3803; x_wconf 82' lang='grc' dir='ltr'><strong><em>δμοτονῆ</em></strong></span> <span class='ocrx_word' id='word_1_251' title='bbox 1157 3716 1203 3798; x_wconf 79' lang='grc' dir='ltr'><strong><em>τῶ</em></strong></span> <span class='ocrx_word' id='word_1_252' title='bbox 1218 3714 1334 3799; x_wconf 70' lang='grc' dir='ltr'><strong><em>θηρῶν</em></strong></span> <span class='ocrx_word' id='word_1_253' title='bbox 1354 3708 1412 3775; x_wconf 88' lang='grc' dir='ltr'><strong><em>καὶ</em></strong></span> <span class='ocrx_word' id='word_1_254' title='bbox 1432 3712 1548 3777; x_wconf 87' lang='grc' dir='ltr'><strong><em>κυνῶν,</em></strong></span> 
     </span>
     <span class='ocr_line' id='line_1_33' title="bbox 382 3813 1552 3909; baseline -0.006 -19"><span class='ocrx_word' id='word_1_255' title='bbox 382 3820 487 3903; x_wconf 71' lang='grc' dir='ltr'><strong><em>οὕτως</em></strong></span> <span class='ocrx_word' id='word_1_256' title='bbox 512 3818 550 3888; x_wconf 79' lang='grc' dir='ltr'><strong><em>δέ</em></strong></span> <span class='ocrx_word' id='word_1_257' title='bbox 578 3820 636 3887; x_wconf 82' lang='grc' dir='ltr'><strong><em>καὶ</em></strong></span> <span class='ocrx_word' id='word_1_258' title='bbox 657 3815 870 3908; x_wconf 77' lang='grc' dir='ltr'><strong><em>Ἀρίσταρχος</em></strong></span> <span class='ocrx_word' id='word_1_259' title='bbox 895 3819 1115 3909; x_wconf 82' lang='grc' dir='ltr'><strong><em>προφέρεται,</em></strong></span> <span class='ocrx_word' id='word_1_260' title='bbox 1150 3818 1298 3905; x_wconf 89' lang='grc' dir='ltr'><strong><em>Διοκλῆς</em></strong></span> <span class='ocrx_word' id='word_1_261' title='bbox 1326 3814 1382 3883; x_wconf 82' lang='grc' dir='ltr'><strong><em>καὶ</em></strong></span> <span class='ocrx_word' id='word_1_262' title='bbox 1411 3813 1428 3884; x_wconf 86' lang='grc' dir='ltr'><strong>ὁ</strong></span> <span class='ocrx_word' id='word_1_263' title='bbox 1458 3817 1552 3904; x_wconf 77' lang='grc' dir='ltr'><strong><em>Θρᾷξ</em></strong></span> 
     </span>
     <span class='ocr_line' id='line_1_34' title="bbox 381 3925 1549 4017; baseline -0.007 -19"><span class='ocrx_word' id='word_1_264' title='bbox 381 3926 562 4008; x_wconf 70' lang='grc' dir='ltr'><strong><em>Διονύσιος</em></strong></span> <span class='ocrx_word' id='word_1_265' title='bbox 583 3925 628 4008; x_wconf 85' lang='grc' dir='ltr'><strong><em>ῶς</em></strong></span> <span class='ocrx_word' id='word_1_266' title='bbox 648 3927 841 4015; x_wconf 79' lang='grc' dir='ltr'><strong><em>βαρύνοντες</em></strong></span> <span class='ocrx_word' id='word_1_267' title='bbox 861 3928 921 4017; x_wconf 87' lang='grc' dir='ltr'><strong><em>τῆν</em></strong></span> <span class='ocrx_word' id='word_1_268' title='bbox 943 3927 1040 4010; x_wconf 83' lang='grc' dir='ltr'><strong><em>λέξιν.</em></strong></span> <span class='ocrx_word' id='word_1_269' title='bbox 1060 3973 1099 3982; x_wconf 95' lang='grc'>-</span> <span class='ocrx_word' id='word_1_270' title='bbox 1118 3930 1207 3996; x_wconf 85' lang='lat' dir='ltr'>Haeo</span> <span class='ocrx_word' id='word_1_271' title='bbox 1228 3931 1379 4013; x_wconf 81' lang='lat' dir='ltr'>conupta</span> <span class='ocrx_word' id='word_1_272' title='bbox 1398 3930 1485 4005; x_wconf 81' lang='lat' dir='ltr'>sunt,</span> <span class='ocrx_word' id='word_1_273' title='bbox 1509 3929 1549 3990; x_wconf 88' lang='lat' dir='ltr'><strong><em>ut</em></strong></span> 
     </span>
     <span class='ocr_line' id='line_1_35' title="bbox 382 4029 1548 4126; baseline -0.009 -20"><span class='ocrx_word' id='word_1_274' title='bbox 382 4044 473 4126; x_wconf 85' lang='lat' dir='ltr'>patet</span> <span class='ocrx_word' id='word_1_275' title='bbox 501 4062 540 4105; x_wconf 85' lang='lat' dir='ltr'><strong><em>ex</em></strong></span> <span class='ocrx_word' id='word_1_276' title='bbox 567 4037 667 4105; x_wconf 83' lang='lat' dir='ltr'>altero</span> <span class='ocrx_word' id='word_1_277' title='bbox 689 4038 861 4107; x_wconf 80' lang='lat' dir='ltr'>eohol.¹⁵⁸·:</span> <span class='ocrx_word' id='word_1_278' title='bbox 887 4031 1100 4123; x_wconf 84' lang='grc' dir='ltr'><strong><em>Ἀρίσταρχος</em></strong></span> <span class='ocrx_word' id='word_1_279' title='bbox 1124 4031 1260 4122; x_wconf 82' lang='grc' dir='ltr'><strong><em>βαρύνει</em></strong></span> <span class='ocrx_word' id='word_1_280' title='bbox 1283 4034 1321 4103; x_wconf 87' lang='grc' dir='ltr'><strong><em>τὸ</em></strong></span> <span class='ocrx_word' id='word_1_281' title='bbox 1348 4029 1465 4111; x_wconf 71' lang='grc' dir='ltr'><strong><em>θῶων,</em></strong></span> <span class='ocrx_word' id='word_1_282' title='bbox 1492 4030 1548 4096; x_wconf 82' lang='grc' dir='ltr'><strong><em>καλ</em></strong></span> 
     </span>
    </p>

    <p class='ocr_par' dir='ltr' id='par_1_6' title="bbox 316 4139 1549 4233">
     <span class='ocr_line' id='line_1_36' title="bbox 316 4139 1549 4233; baseline -0.002 -24"><span class='ocrx_word' id='word_1_283' title='bbox 316 4157 365 4209; x_wconf 73' lang='lat'><strong><em>254</em></strong></span> <span class='ocrx_word' id='word_1_284' title='bbox 384 4141 527 4233; x_wconf 72' lang='grc' dir='ltr'><strong><em>ἐπείσθη</em></strong></span> <span class='ocrx_word' id='word_1_285' title='bbox 548 4140 569 4233; x_wconf 85' lang='grc' dir='ltr'><strong><em>ῆ</em></strong></span> <span class='ocrx_word' id='word_1_286' title='bbox 593 4141 793 4229; x_wconf 83' lang='grc' dir='ltr'><strong><em>παράδοσις·</em></strong></span> <span class='ocrx_word' id='word_1_287' title='bbox 816 4139 835 4212; x_wconf 88' lang='grc' dir='ltr'><strong><em>δ</em></strong></span> <span class='ocrx_word' id='word_1_288' title='bbox 860 4142 896 4210; x_wconf 86' lang='grc' dir='ltr'><strong><em>δὲ</em></strong></span> <span class='ocrx_word' id='word_1_289' title='bbox 916 4140 1103 4233; x_wconf 79' lang='grc' dir='ltr'><strong><em>Πάμφιλος</em></strong></span> <span class='ocrx_word' id='word_1_290' title='bbox 1123 4146 1273 4233; x_wconf 75' lang='grc' dir='ltr'><strong><em>περισπᾷ</em></strong></span> <span class='ocrx_word' id='word_1_291' title='bbox 1291 4145 1343 4227; x_wconf 85' lang='lat' dir='ltr'>(of.</span> <span class='ocrx_word' id='word_1_292' title='bbox 1365 4143 1457 4210; x_wconf 83' lang='lat' dir='ltr'>Euat.</span> <span class='ocrx_word' id='word_1_293' title='bbox 1479 4146 1549 4218; x_wconf 77' lang='grc'><strong><em>922,</em></strong></span> 
     </span>
    </p>
   </div>
   <div class='ocr_carea' id='block_1_3' title="bbox 449 4352 1068 4450">
    <p class='ocr_par' dir='ltr' id='par_1_7' title="bbox 449 4352 1068 4450">
     <span class='ocr_line' id='line_1_37' title="bbox 449 4352 1068 4450; baseline 0.021 -25"><span class='ocrx_word' id='word_1_294' title='bbox 449 4384 506 4425; x_wconf 75' lang='lat' dir='ltr'>rar·</span> <span class='ocrx_word' id='word_1_295' title='bbox 523 4380 596 4450; x_wconf 81' lang='lat' dir='ltr'>&lt;Hoc</span> <span class='ocrx_word' id='word_1_296' title='bbox 613 4352 764 4437; x_wconf 85' lang='lat' dir='ltr'>Herodiani</span> <span class='ocrx_word' id='word_1_297' title='bbox 783 4383 832 4445; x_wconf 78' lang='lat' dir='ltr'>ert,</span> <span class='ocrx_word' id='word_1_298' title='bbox 850 4398 908 4437; x_wconf 91' lang='lat' dir='ltr'><strong><em>non</em></strong></span> <span class='ocrx_word' id='word_1_299' title='bbox 926 4380 1068 4447; x_wconf 78' lang='lat' dir='ltr'>alterum.)</span> 
     </span>
    </p>
   </div>
   <div class='ocr_carea' id='block_1_4' title="bbox 0 0 1723 4934">
    <p class='ocr_par' dir='ltr' id='par_1_8' title="bbox 0 0 1723 4934">
     <span class='ocr_line' id='line_1_38' title="bbox 0 0 1723 4934; baseline 0 0"><span class='ocrx_word' id='word_1_300' title='bbox 0 0 1723 4934; x_wconf 95' lang='lat' dir='ltr'><strong><em> </em></strong></span> 
     </span>
    </p>
   </div>
  </div>
 </body>
</html>
