3425 4934
378 337 437 400 290
823 327 872 388 IV.
895 328 937 384 De
954 328 1091 400 prosodia

376 500 468 580 patet
481 518 520 561 ex
537 517 567 580 p.
583 498 666 578 297).
698 497 770 563 Hoc
790 495 922 583 proprie
940 494 1038 561 farerit
1060 485 1143 558 αἰπὺ
1166 484 1253 574 ίίρος,
1277 496 1315 557 ut
1333 488 1433 575 τραχὺ
1456 484 1542 575 ὅρος.

377 602 511 669 Pansan.
534 601 613 668 VIII
636 607 687 682 13,
714 609 733 671 4
755 597 824 667 ἔστι
846 599 884 666 δὲ
904 596 1089 685 ἀπαντικρὺ
1110 603 1170 686 τῆς
1188 595 1318 675 πόλεως
1338 591 1420 681 ὅρος
1436 593 1543 685 τραχά.

375 706 414 776 τὸ
440 706 478 775 δὲ
505 703 594 793 ὕδωρ
618 707 657 775 τὸ
679 705 717 774 ἐκ
736 713 796 775 τοῦ
817 712 904 775 θεοῦ
925 704 984 774 διὰ
1002 702 1171 792 χαράδρας
1191 703 1266 793 ῥέον
1287 702 1403 793 κοίλης
1421 705 1542 789 μεταξὺ

374 819 436 904 τῆς
454 838 489 882 τι
510 811 641 894 πόλεως
660 813 717 882 καί
737 820 796 882 τοῦ
815 811 954 900 τραχέος
974 808 1072 899 άρονς
1092 806 1239 878 κάτεισιν
1258 850 1310 878 -.
1345 805 1365 899 ἡ
1388 810 1426 878 δέ
1446 809 1543 898 ἑτέρα

375 926 440 988 τοῖν
469 916 557 989 ὁδῶν
585 916 741 1007 διαβάντι
764 920 802 989 τὸ
828 919 918 1008 ὕδωρ
939 920 982 1000 scd
1010 919 1069 988 διὰ
1096 923 1156 1008 της
1180 914 1349 1005 χαράδρας
1373 916 1449 1001 ῥέον
1474 916 1541 986 ὑπὸ

375 1023 474 1115 τραχύ
501 1027 589 1094 ἐστιν
615 1024 701 1115 ὅρος.
743 1030 844 1097 Porro
873 1031 1037 1117 aptissime
1067 1030 1130 1096 hnc
1156 1028 1301 1094 trahetur
1325 1020 1429 1110 βαδά,
1463 1029 1483 1096 'a
1514 1052 1542 1098 e.

375 1129 449 1223 ἡδί,
469 1136 559 1203 locus
580 1138 615 1202 in
631 1136 734 1204 Elide.
771 1137 868 1206 Pans.
890 1138 920 1203 V
940 1143 972 1217 3,
993 1143 1013 1204 2
1033 1130 1276 1223 ὑπερησθέντες
1297 1131 1335 1199 δέ
1356 1127 1543 1222 ἀμφότεροι

374 1247 414 1334 τῇ
427 1239 517 1326 μίξει
530 1240 588 1308 καὶ
603 1237 639 1309 ab
659 1248 809 1327 γυναῖκες
830 1241 887 1309 καί
910 1240 942 1310 οὶ
964 1238 1082 1329 άνιλρις
1102 1238 1189 1309 ἔνθα
1209 1236 1417 1325 συνεγένοντο
1435 1234 1542 1328 άλλη-

375 1350 447 1429 λοις
467 1353 601 1435 πρῶτον
621 1344 702 1417 αὐτό
721 1373 757 1415 τε
776 1348 815 1418 τὸ
834 1344 956 1435 χωρίον
979 1349 1066 1434 dudd
1089 1343 1290 1432 ὀνομάζουσι
1311 1346 1368 1413 καὶ
1389 1347 1542 1432 ποταμὸν
1612 1432 1620 1441 .

374 1455 432 1522 τὸν
453 1453 573 1540 ῥέοντα
591 1451 739 1523 ἐνταῦθα
758 1453 848 1543 ὕδωρ
869 1455 955 1541 dudd
978 1453 1146 1541 ἐπιχωρίῳ
1168 1460 1272 1546 φωνῇ.
1313 1456 1484 1524 Praeterea
1504 1462 1542 1524 ut
1709 1510 1711 1529 ι

374 1570 461 1633 recte
476 1565 515 1632 de
528 1558 627 1630 Αίπά
648 1566 768 1632 iudices
789 1567 987 1632 monendum
1006 1566 1060 1631 rix
1081 1565 1200 1633 habere
1222 1565 1375 1632 Graecam
1396 1565 1541 1651 linguam
1644 1550 1646 1553 ⁸
1709 1560 1711 1587 ¹

375 1673 619 1747 substantivum,
640 1673 691 1737 oui
706 1695 740 1738 se
754 1672 848 1739 facile
862 1673 942 1739 illud
958 1666 1039 1736 αἰπύ
1061 1673 1221 1758 applicare
1241 1673 1392 1759 potuerit,
1414 1675 1541 1757 praeter
1644 1691 1651 1706 ·

374 1802 474 1846 unum
497 1782 581 1844 νᾶπυ
595 1779 730 1845 Homeri
750 1785 858 1847 aetate
877 1782 1045 1848 recentius.
1082 1781 1201 1848 Contra
1215 1773 1350 1844 Αἴπεια
1370 1781 1404 1843 iu
1426 1780 1540 1844 simili·

374 1886 519 1952 tudinem
534 1887 630 1952 cessit
643 1886 866 1972 plurimorum.
901 1887 973 1953 Hoc
987 1888 1093 1972 ipsum
1107 1887 1195 1971 quod
1209 1886 1441 1971 disputavimus
1460 1886 1540 1952 satis

375 1992 526 2072 declarat,
553 2016 650 2078 quam
675 2017 726 2060 res
748 1994 842 2060 nobis
863 1994 960 2060 hodie
981 1994 1250 2059 adiudicandum
1272 1992 1411 2058 difficilis
1431 1992 1542 2058 futura

374 2101 425 2167 sit.
464 2098 549 2165 Nam
569 2101 708 2185 primum
726 2101 762 2165 in
782 2101 894 2186 paucis
915 2100 1032 2166 scimus
1053 2101 1181 2186 proprie
1206 2101 1316 2165 addito
1337 2101 1539 2166 substantivo

374 2206 459 2272 dicta
480 2207 545 2271 sint
565 2229 676 2273 necne.
716 2207 800 2274 Dein
822 2208 856 2273 in
878 2208 929 2273 his
949 2208 1036 2293 ipsis,
1057 2229 1140 2291 quae
1160 2207 1290 2294 proprie
1311 2207 1420 2272 addita
1439 2205 1541 2271 habe·

372 2313 453 2379 bant
479 2313 694 2393 substantiva,
728 2315 861 2380 minime
891 2313 1051 2380 sententia
1081 2318 1192 2379 nostra
1222 2319 1271 2380 est
1299 2336 1367 2380 non
1395 2312 1542 2398 potuisse

372 2421 442 2486 fieri
466 2425 504 2486 ut
523 2425 786 2506 transponeretur
810 2426 969 2489 accentus.
1009 2419 1045 2488 Si
1071 2422 1143 2506 quis
1169 2444 1197 2487 e.
1219 2443 1249 2509 g.
1271 2425 1368 2507 poeta
1388 2441 1542 2485 concessa

372 2527 504 2594 licentia
513 2549 590 2593 usus
599 2528 708 2593 omisit
721 2528 958 2593 substantivum
965 2528 1064 2612 vulgo
1078 2550 1145 2594 nou
1159 2530 1265 2594 omitti
1279 2529 1409 2595 solitum
1418 2526 1540 2592 clarum

374 2639 424 2700 est
451 2634 490 2701 de
514 2635 754 2719 bansponendo
776 2638 911 2700 accentu
937 2635 1073 2720 cogitari
1100 2658 1167 2701 non
1188 2657 1292 2720 posse.
1331 2635 1395 2701 Sed
1415 2633 1542 2703 incolae

372 2742 510 2808 maxime
536 2746 569 2808 et
595 2741 722 2807 accolae
747 2762 843 2826 saepe
869 2741 1035 2808 brevitatis
1061 2763 1157 2807 causa
1186 2744 1422 2808 substantivum
1443 2741 1542 2806 omit»

370 2852 479 2914 tentes
512 2848 587 2913 ferri
621 2851 772 2933 poterant
803 2849 843 2913 ad
875 2848 1137 2914 commutandum
1168 2853 1335 2916 accentum
1368 2848 1541 2934 praecipue

292 2970 363 3034 (306)
376 2955 546 3020 accedente
561 2955 699 3039 quadam
716 2954 934 3020 similitudine.
972 2953 1026 3022 Sic
1039 2955 1137 3034 illam,
1157 2955 1249 3022 cuius
1262 2956 1326 3021 iam
1340 2960 1434 3021 antea
1454 2954 1542 3020 facta

374 3065 424 3126 est
441 3061 571 3144 mentio,
591 3061 728 3128 Vulcani
741 3061 881 3127 insulam
896 3062 1015 3128 omisso
1026 3055 1218 3150 Ἡφαίστου
1239 3084 1398 3147 nusquam
1420 3062 1540 3127 dictam

374 3191 443 3234 esse
464 3161 557 3250 ίέραν
577 3190 643 3234 non
663 3174 802 3253 praesto.
845 3167 1047 3254 Quamquam
1075 3170 1247 3254 scriptores
1267 3168 1405 3236 Graecos
1430 3168 1543 3253 potine

374 3276 491 3341 dixisse
512 3268 584 3355 ίιρά
604 3276 761 3342 credimus
774 3275 851 3341 Mas.
872 3276 937 3341 huc
958 3275 1199 3343 inclinantibus.
1241 3275 1281 3344 V.
1303 3280 1429 3361 praeter
1450 3275 1544 3340 locos

372 3380 483 3467 Polyb.
501 3403 597 3468 supra
611 3386 876 3449 commemoratos
891 3382 993 3449 Thuc.
1007 3381 1053 3447 III
1071 3388 1120 3451 88.
1141 3383 1235 3449 Diod.
1250 3382 1282 3449 V
1297 3390 1323 3448 7.
1351 3381 1456 3449 Strab.
1470 3387 1543 3448 277.

372 3487 464 3555 Euat.
489 3495 581 3568 1644,
603 3494 651 3557 30.
687 3489 731 3555 nt
752 3490 898 3555 exhibuit
918 3491 965 3556 sic
989 3490 1056 3555 cod.
1078 3488 1250 3575 Paria-ap.
1271 3488 1365 3556 Pans.
1387 3488 1416 3554 X
1440 3495 1491 3568 11,
1512 3494 1540 3554 4.

372 3593 454 3661 Item
467 3594 566 3663 Paris.
580 3597 615 3662 in
636 3597 701 3662 scln
714 3597 820 3682 Apoll.
833 3596 897 3666 Rh.
911 3596 959 3663 III
973 3606 1022 3666 41.
1042 3595 1089 3662 IV
1104 3604 1174 3665 761.
1210 3596 1273 3663 Sed
1286 3596 1372 3663 Flor.
1384 3588 1482 3677 Ἱέρα.
1500 3630 1540 3643 -

372 3696 518 3782 Λιπάρα
539 3707 647 3768 utrum
670 3703 755 3769 dicta
774 3705 817 3769 sit
836 3727 878 3770 an
896 3701 1043 3785 Λιπαρά
1059 3694 1151 3769 'nulla
1170 3703 1333 3769 iudicandi
1354 3702 1468 3789 regula
1489 3723 1545 3767 es·

373 3812 430 3891 set
451 3810 514 3874 nisi
528 3809 562 3873 in
576 3810 636 3876 hac
655 3811 798 3876 omnium
818 3811 974 3877 librorum
995 3833 1170 3878 consensus
1190 3815 1369 3895 praestaret
1382 3807 1538 3891 Λιπάρα,

372 3938 431 3982 nec
452 3937 548 3981 causa
569 3920 618 3982 est
641 3916 818 3997 diffidendi,
850 3940 917 3982 non
942 3919 1046 4003 magis
1074 3940 1171 4002 quam
1197 3920 1224 3983 si
1251 3923 1332 3984 teste
1354 3916 1549 3983 Herodiano

371 4023 502 4088 minime
527 4023 584 4089 illo
606 4024 641 4088 in
660 4024 923 4090 distinctionibus
945 4026 1101 4110 pertinaci
1124 4024 1275 4091 docemur
1294 4024 1433 4090 insulam
1447 4021 1545 4088 Doli-

306 4146 355 4199 295
374 4130 466 4194 cham
492 4152 526 4196 se
553 4130 794 4197 accommodare
822 4132 862 4197 ad
884 4132 1099 4198 characterem
1127 4132 1400 4198 substantivorum
1420 4130 1455 4195 in
1476 4151 1544 4213 ιχηε

371 4237 485 4303 Arcad.
500 4259 530 4322 p.
548 4245 614 4317 115,
634 4243 675 4307 28
694 4235 737 4301 τὰ
759 4230 808 4313 τίς
825 4260 866 4322 χη
888 4234 1148 4326 παραληχόμινα
1170 4262 1184 4302 ι
1204 4233 1391 4321 βαρύνεται,
1414 4230 1543 4320 Δολίχη

372 4345 483 4427 νῆσος,
507 4342 622 4428 δολιχὴ
645 4341 682 4408 δὲ
702 4336 722 4428 ἡ
746 4336 868 4425 μακρά,
888 4341 1048 4431 μαστίχη,
1071 4339 1234 4432 σαβαρίχη
1256 4348 1295 4430 (v.
1316 4345 1396 4411 Lob.
1418 4342 1545 4429 proleg.
