3425 4934
333 509 364 568 C.
390 509 434 568 IV
465 530 492 585 p.
522 513 577 569 197
592 514 712 570 -221,
757 510 800 568 De
831 509 1044 588 grammaticis,
1074 508 1126 584 qui
1152 504 1311 566 ἔνστεαικοί
1336 509 1367 565 et
1393 506 1506 565 λυτικοί

414 616 486 676 dicti
510 618 591 675 suiit.

333 724 364 783 0.
401 724 476 800 Vp.
499 729 554 785 221
569 727 686 785 -246,
729 722 968 800 Uhorograpliica
989 728 1019 783 et
1041 723 1248 802 geographica.

449 833 464 892 ξ
487 832 509 880 1.
527 825 568 880 De
580 841 648 895 agro
660 823 779 878 Troiano
792 827 820 879 et
834 825 931 880 ordine
949 825 1072 880 navium.
1098 827 1142 894 §2
1162 824 1200 895 (p.
1218 825 1286 893 224).
1299 823 1417 891 Reliqua
1434 823 1505 892 frag·

482 913 578 965 menta
587 909 621 963 de
633 908 700 963 locis
712 912 741 963 et
748 909 859 979 populis
871 926 915 978 ap.
925 908 1076 964 Homerum
1088 907 1318 963 commemoratis.
1331 910 1347 976 ᾖ
1359 913 1373 962 3
1387 908 1424 976 (p.
1439 906 1505 973 233).

483 994 573 1060 Quam
583 993 721 1049 rationem
730 993 863 1063 plerique,
879 997 946 1048 ante
958 993 1149 1048 Aristarchum
1159 992 1288 1057 maxime,
1299 992 1329 1045 iii
1341 991 1508 1061 explicando

485 1078 688 1149 chorographia
699 1078 780 1135 Hom.
793 1078 881 1133 secuti
892 1077 961 1139 sint;
980 1077 1132 1131 Aristarchi
1142 1077 1250 1132 merita.
1274 1078 1290 1145 ξ
1302 1082 1316 1129 4
1330 1077 1369 1145 (p.
1382 1077 1450 1145 241).
1464 1074 1505 1129 De

482 1163 559 1218 Ulixi
576 1162 720 1218 erroribus.

783 1314 974 1380 Dissertatio
997 1313 1054 1379 IV.

803 1430 853 1494 Dc
869 1430 1030 1516 procedre.

333 1585 362 1647 U.
385 1585 399 1642 Ι
453 1605 482 1661 p.
504 1589 677 1646 247-300.
721 1584 765 1644 De
787 1584 969 1648 accentibus.

333 1692 363 1752 C.
384 1691 415 1750 II
450 1712 478 1769 p.
503 1696 673 1754 coo—325.
715 1692 759 1753 De
780 1692 1051 1769 interaspiratione.

333 1800 364 1861 U.
387 1798 432 1857 III
453 1819 482 1876 p.
506 1803 679 1861 326-327.
724 1799 768 1858 De
790 1799 901 1875 spiritu
922 1800 1136 1859 vocabulorum
1158 1798 1326 1876 principali.

790 1959 983 2025 Dissertatio
1008 1958 1047 2024 V.

612 2076 661 2140 Dc
682 2077 799 2141 criticis
821 2076 1009 2140 Aristarchi
1023 2078 1210 2140 rationibus.

333 2229 400 2293 oi
436 2250 464 2305 p.
488 2234 661 2293 ais-344.
704 2231 748 2290 De
770 2231 962 2291 athetesibus.

331 2337 362 2399 O.
384 2338 414 2396 Π
432 2357 462 2414 p.
484 2343 657 2400 344-363.
700 2338 743 2396 De
764 2337 973 2397 constituenda
995 2338 1134 2397 lectione.

415 2657 444 2713 p.
468 2642 536 2699 364.
559 2638 718 2700 Excursus.
753 2636 966 2697 Commentarii
980 2638 1103 2714 Apionis
1115 2640 1146 2696 et
1161 2637 1307 2697 Herodori
1327 2635 1445 2695 nomine
1459 2634 1505 2693 iii·

332 2743 447 2820 scripti,
468 2744 577 2820 quibus
599 2744 682 2804 Uust.
703 2763 777 2805 usus
799 2747 855 2818 est,
877 2764 945 2804 cum
966 2744 1085 2805 scholiis
1106 2744 1228 2803 Venetis
1250 2745 1470 2820 comparantur.

775 3047 1062 3118 EPIMETRA.

333 3231 365 3293 O.
386 3231 411 3293 I.
434 3229 664 3307 (Lexilialisches
685 3229 746 3288 und
762 3229 1036 3301 Grammatischcs.)
1075 3237 1099 3291 1.
1123 3217 1178 3286 ὧδε
1193 3248 1221 3304 p.
1244 3232 1313 3289 371.
1329 3261 1368 3269 -
1385 3231 1411 3286 2.
1427 3219 1505 3301 φύζα

372 3412 375 3417 .
413 3359 440 3415 p.
463 3343 532 3400 374.
550 3371 587 3381 -
607 3344 634 3400 3.
656 3334 700 3397 eo.
722 3331 763 3407 ὥς
784 3358 812 3414 p.
836 3343 906 3400 376.
925 3370 960 3378 —
979 3344 1005 3397 4.
1028 3336 1079 3414 τίς,
1102 3332 1197 3396 πόθεν
1217 3334 1258 3406 εἰς
1278 3330 1407 3413 ἆνόρῶνς
1428 3329 1506 3394 πόθι

413 3468 458 3505 τοι
478 3441 562 3517 πόλις
582 3439 636 3522 ἠδὲ
655 3448 774 3522 τοκῆες;
796 3435 860 3503 und'
881 3445 927 3503 die
951 3444 1150 3523 Doppelfrage
1173 3467 1203 3521 p.
1227 3452 1296 3508 384.

333 3555 364 3614 U.
385 3555 424 3615 ΙΙ.
460 3555 514 3614 Die
536 3558 716 3631 sogcnaniite
739 3552 868 3612 (laesura
889 3551 1154 3627 lieplithemimeres
1175 3573 1204 3629 p.
1227 3559 1298 3615 387.

333 3662 364 3721 0.
389 3662 444 3725 III.
464 3662 525 3721 Das
547 3662 719 3721 Protmium
740 3661 791 3719 der
812 3660 940 3738 Odyssea
961 3679 990 3735 p.
1014 3665 1081 3721 414.

334 3769 364 3831 U.
387 3770 440 3833 IV.
461 3771 521 3829 Zur
542 3768 752 3830 Homerischeii
774 3765 992 3844 Interpolation
1015 3787 1042 3842 p.
1067 3772 1134 3828 425.

335 3880 366 3940 Ο,
389 3877 424 3936 V.
460 3875 692 3955 Wiedcrholiuig
707 3876 859 3936 dcrsclbeii
869 3875 971 3934 Worte
986 3873 1047 3933 und
1059 3873 1276 3933 Wortwurzeln
1293 3894 1322 3950 p.
1335 3878 1507 3937 450-476.

758 4093 854 4100 -—-.-
861 4092 1045 4099 -—‚„-
1053 4092 1091 4098 .—
