3425 4934
364 339 405 402 46
450 330 484 385 Π.
510 330 551 385 De
571 329 749 386 Aristarchea
766 327 965 385 vocabulorum
985 325 1196 383 Homericorurn
1214 325 1455 400 interpretatione.

361 490 650 583 Ἱπποκράτους
669 493 778 578 λέξιν
800 491 1170 582 ἐπαγγειλαμένων,
1199 489 1235 561 εἰ
1254 493 1304 585 μὴ
1326 496 1541 560 συνίσασιν

365 600 531 692 <συνίασιν
545 608 612 694 ed.)
626 602 689 673 ὅτι
710 598 834 671 πλείω
853 598 1178 689 παραλείπουσιν
1196 591 1249 671 ἀν
1271 596 1540 670 διδάσκουσιν.

446 715 536 782 Haec
551 715 659 781 omnin
679 715 802 801 primus
823 712 984 780 intellexit
1003 713 1038 778 in
1053 713 1196 780 Homero
1219 717 1252 779 et
1273 714 1436 799 praestitit
1449 712 1539 778 Ari·

365 823 551 892 starchus.
592 821 698 901 Quare
718 844 785 889 non
806 822 935 907 scripsit
956 820 1094 909 glossas,
1116 823 1174 888 sed
1193 822 1228 887 in
1250 822 1405 888 continua
1424 823 1540 907 poetae

364 930 629 1017 interpretatione
644 930 881 997 accuratissime
896 933 1041 996 versutus
1056 934 1114 1010 est,
1135 930 1170 995 in
1184 928 1348 996 consuetis
1366 927 1540 1006 vocabulis,

365 1059 504 1122 quorum
518 1041 551 1104 et
565 1038 606 1103 ad
619 1038 773 1104 maiorem
786 1038 1034 1105 Homericorum
1048 1038 1194 1104 locorum
1211 1040 1336 1124 partem
1351 1035 1540 1122 plerumque

366 1146 508 1230 pertinet
520 1145 643 1211 utilitas
657 1149 691 1211 et
712 1145 881 1232 explicatio
903 1147 1030 1228 certior,
1050 1146 1124 1232 plus
1146 1145 1243 1212 etiam
1265 1165 1363 1229 quam
1383 1145 1418 1210 in
1439 1143 1542 1209 rario-

364 1252 455 1319 ribus
475 1256 507 1318 et
528 1253 721 1337 antiquitate
743 1254 924 1319 obscuratis
946 1276 1063 1339 operae
1084 1275 1210 1340 ponens
1231 1257 1265 1318 et
1285 1274 1327 1318 ne
1349 1251 1428 1336 quid
1448 1272 1541 1337 prae·

366 1360 563 1426 termittatur
583 1360 718 1427 verbum
738 1361 836 1429 verbo
859 1361 1005 1428 reddens.
1044 1362 1174 1427 Abiecit
1193 1361 1266 1426 illas
1289 1360 1454 1427 doctrinae
1476 1379 1541 1424 sar·

366 1469 471 1549 cinae,
498 1491 565 1535 non
591 1472 659 1535 tam
685 1469 873 1535 existimans
900 1491 939 1535 ex
960 1468 1032 1535 aliis
1053 1469 1264 1554 scriptoribus
1285 1467 1388 1534 multa
1409 1466 1450 1532 ad
1470 1465 1541 1531 Ho-

366 1599 491 1641 merum
498 1576 723 1642 illustrandum
737 1578 842 1663 promi
856 1598 953 1662 posse
962 1599 1060 1662 quam
1071 1578 1248 1644 cavendum
1264 1598 1334 1643 esee
1349 1597 1390 1640 ne
1404 1573 1542 1640 aliorum

366 1684 599 1751 consuetudine
624 1688 744 1751 temere
771 1685 813 1750 ad
837 1688 969 1771 poetam
989 1683 1147 1751 translata
1166 1685 1387 1771 imprudentes
1407 1684 1443 1747 in
1464 1681 1543 1747 vitia

367 1796 400 1857 et
421 1813 543 1858 errores
565 1792 773 1859 incurramus.
817 1790 904 1857 Hinc
924 1791 1006 1858 illud
1028 1797 1085 1876 est,
1107 1793 1195 1878 quod
1216 1813 1311 1879 saepe
1334 1812 1408 1857 eum
1428 1788 1542 1855 fecisse

366 1901 524 1981 videmus,
549 1904 588 1966 ut
611 1922 678 1966 non
705 1903 833 1965 tantum
863 1900 941 1984 quid
962 1899 1146 1986 significent
1166 1900 1322 1966 vocabula
1343 1898 1466 1977 doceat,
1486 1895 1543 1961 sed

368 2008 447 2094 quid
475 2029 542 2074 non
572 2008 757 2095 significent
785 2007 929 2092 quidque
955 2030 975 2073 a
1003 2006 1130 2094 vulgari
1157 2007 1391 2074 consuetudine
1416 2003 1469 2071 vel
1500 2004 1541 2070 ab

367 2116 503 2181 aliorum
528 2138 590 2181 usu
614 2115 772 2181 differant
819 2113 1063 2200 Nonnunquam
1090 2116 1188 2181 etiam
1216 2118 1322 2181 certos
1348 2114 1544 2198 scriptorum

366 2224 456 2291 locos
478 2223 571 2291 effert
595 2224 651 2308 qui
672 2222 754 2288 falso
773 2221 984 2309 intelligendo
1011 2245 1160 2310 perverse
1180 2225 1312 2309 poetam
1333 2222 1451 2288 imitati
1473 2243 1543 2288 esse

367 2333 560 2399 riderentur.
603 2330 752 2415 Denique
777 2329 1024 2396 Homericorum
1051 2335 1167 2398 testem
1193 2335 1227 2398 et
1251 2333 1416 2396 auctorem
1442 2352 1543 2395 unum

303 2448 357 2520 (55)
368 2440 547 2505 Homerum
572 2437 696 2505 habuit.
738 2435 777 2502 In
802 2437 937 2503 vocibus
961 2440 1064 2506 rarius
1098 2439 1150 2506 vel
1174 2438 1274 2505 semel
1300 2437 1543 2505 occurrentibus

368 2547 446 2632 quid
466 2546 530 2612 sibi
550 2545 688 2612 voluerit
710 2549 809 2631 poeta
834 2544 876 2610 ad
895 2547 1058 2632 propriam
1080 2547 1149 2612 eius
1169 2547 1334 2626 virtutem,
1363 2568 1447 2631 quae
1468 2568 1541 2632 per·

367 2655 520 2741 spicuitas
542 2657 592 2719 est
613 2656 647 2719 et
667 2651 803 2739 simplex
824 2656 859 2718 et
879 2655 1073 2721 conveniens
1096 2654 1206 2734 dictio,
1235 2653 1396 2739 expendit
1439 2655 1543 2720 Ante·

368 2785 465 2848 quam
486 2761 527 2827 nd
546 2759 768 2827 Aristarcheas
789 2760 1072 2845 interpretationes
1094 2761 1256 2846 accedun,
1278 2766 1434 2847 quantum
1457 2762 1543 2828 eine·

367 2870 456 2936 modi
467 2891 598 2955 operam
607 2871 707 2953 poeta
715 2868 950 2948 desideraverit
964 2870 1128 2935 constabit
1137 2869 1321 2957 insignibus
1331 2869 1543 2954 quorundum,

368 2978 425 3063 qui
450 2982 525 3043 ante
550 2998 625 3043 eum
646 2976 686 3041 de
706 2975 849 3043 Homero
872 2978 1083 3043 commentati
1104 2981 1193 3056 sunt,
1221 2978 1390 3043 doctorum
1412 2980 1447 3043 et
1467 2976 1543 3043 illu·

368 3085 483 3150 strium
512 3084 803 3151 Alexandrinorum
838 3085 1009 3153 erroribus.
1059 3084 1210 3153 Fortasse
1246 3107 1312 3152 non
1346 3105 1542 3171 magnopere

367 3192 555 3257 mirabimur
564 3192 651 3277 quod
661 3193 717 3277 qui
734 3214 812 3258 usus
822 3192 911 3257 vocis
926 3186 1014 3279 ἥρως
1026 3193 1113 3279 apud
1126 3197 1257 3279 poetam
1272 3196 1358 3259 esset
1371 3193 1542 3259 nesciverit

367 3300 451 3367 Ister
476 3301 519 3381 (B
543 3307 609 3369 110.
639 3305 674 3362 N
692 3306 763 3370 629.
794 3300 931 3383 0230),
960 3299 1097 3367 fortasse
1124 3322 1165 3366 ne
1191 3299 1273 3366 illud
1299 3301 1430 3385 quidem
1454 3300 1542 3385 quod

367 3407 510 3473 Philetas
535 3408 733 3495 ignoraverit
759 3408 838 3493 quid
863 3411 979 3495 poetae
1005 3408 1168 3495 significet
1193 3401 1276 3497 φρίξ
1298 3407 1376 3490 (sch.
1408 3411 1542 3490 Φ126).

450 3515 515 3582 Sed
539 3516 624 3581 idem
645 3515 790 3581 Philetas
815 3516 888 3582 vide
914 3537 1012 3601 quum
1036 3515 1178 3582 ridiculis
1200 3516 1361 3582 erroribus
1383 3515 1543 3582 obnoxius

369 3624 476 3690 fuerit.
515 3621 738 3691 submittit

319 3770 352 3820 4ss
452 3722 601 3820 ἀλγήσας
622 3722 653 3794 d'
677 3723 809 3815 ἀχρεῖον
830 3722 911 3796 inor
931 3723 1145 3816 ἀπομόρξατο
1169 3720 1293 3811 δάκρυε

369 3833 423 3905 ὅτι
453 3835 601 3926 Φιλητᾶς
624 3835 663 3904 τὸ
690 3830 775 3904 ἰδών
801 3840 966 3925 περισπᾷ,
996 3828 1161 3905 οἷοντῶν
1191 3829 1402 3927 ὀφθαλμῶν,
1435 3829 1542 3904 ἰδεῶν.

369 3938 532 4012 οάἀάποτε
551 3941 588 4012 δὲ
601 3940 749 4032 ’Όμηρος
762 3938 856 4023 ἰδέας
868 3943 947 4024 τοὺς
966 3939 1171 4035 ὀφθαλμοὺς
1190 3935 1291 4011 εἶπεν.
1321 3945 1406 4011 Vide
1427 3945 1544 4012 similia

369 4052 536 4122 Zenodoti.
571 4053 644 4122 Sch.
658 4057 693 4119 Κ
703 4060 763 4122 515
779 4046 852 4119 οὐδ’
870 4047 1103 4143 ἀλαοσκοπλην
1116 4044 1173 4136 εἶχ’
1191 4047 1408 4140 ἀργυρότοξος
1418 4046 1544 4120 Ἀπόλ-

369 4161 450 4227 λωνι
471 4157 503 4249 (ἡ
526 4160 642 4252 διπλῆ)
665 4157 718 4230 ὅτι
732 4161 919 4249 Ζηνόδοτος
933 4157 1055 4252 γράφει
1069 4157 1177 4230 ἀλαὸν
1196 4156 1394 4250 menidam
1421 4184 1544 4248 παροι-

436 4398 482 4441 υει
499 4396 589 4466 (Quae
605 4398 761 4466 sequuntur
776 4413 835 4452 non
851 4401 966 4468 recepta
984 4400 1050 4453 eunt
1066 4397 1141 4453 inter
1157 4395 1354 4467 historicen.)
