3425 4934
336 334 394 397 140
422 324 458 382 11.
486 324 527 381 De
545 323 722 383 Aristarchea
739 324 939 382 vocabulorum
955 325 1166 382 Homericcrum
1182 323 1422 396 interpretatione.

334 485 365 558 δ’
390 485 544 579 ὀρχηστυῖ
563 489 620 558 κοί
642 485 744 582 ἀοιδῇ
764 486 931 577 τέρποντ’·
952 486 1018 580 ἤδη
1039 490 1101 578 γὰρ
1124 489 1181 558 καί
1203 485 1355 582 ἐπήλυθε
1376 486 1506 559 δείελον

331 590 432 686 ἦμαρ.
468 601 558 667 Haeo
579 602 693 673 omnia
709 623 781 667 oum
803 602 971 668 considero
991 601 1177 669 Aristarcho
1198 601 1233 667 in
1253 595 1371 688 μολπή
1392 606 1505 667 cantus

332 708 603 793 significationem
627 709 809 777 excludenti
830 710 979 776 assentiri
1001 710 1123 777 dubito.
1152 708 1216 777 Sed
1238 710 1301 776 hoc
1314 709 1506 789 tenebimus,

331 808 449 901 μολπή
472 821 505 884 et
527 808 642 903 ἀοιδή,
665 812 863 899 μέλπεσθαι
885 821 918 883 et
940 809 1067 881 ἀείδειν
1087 840 1154 884 non
1175 839 1306 903 prorsus
1327 818 1414 883 idern
1427 839 1506 898 esse,

333 922 390 990 sed
411 923 458 989 sic
478 924 541 991 dici
562 928 691 991 cantum
714 928 874 1010 quatenus
896 923 986 990 lusus
1009 928 1042 990 et
1064 925 1234 991 delectatio
1257 929 1315 992 est.
1344 923 1415 991 Neo
1429 947 1505 991 sane

333 1035 383 1098 est
404 1053 461 1097 cur
481 1054 547 1097 non
568 1032 663 1098 facile
685 1032 852 1099 credamus
872 1036 909 1098 ut
923 1054 962 1098 ex
976 1031 1127 1097 ludorum
1141 1053 1259 1117 genere
1273 1032 1443 1117 praecipue
1459 1031 1505 1097 sic

333 1140 436 1205 dietus
458 1140 501 1205 sit
522 1139 631 1221 saltus,
652 1163 718 1206 non
738 1141 818 1205 item
837 1140 902 1205 iam
923 1139 980 1205 illo
1002 1143 1147 1224 tempore
1169 1141 1291 1206 dictum
1313 1140 1410 1206 etiarn
1432 1161 1502 1206 essa

333 1250 478 1327 cantum,
504 1269 563 1313 nec
589 1250 715 1313 tantum
740 1247 843 1329 vocis,
870 1247 927 1312 sad
952 1246 1008 1311 ubi
1033 1248 1232 1313 resistebat
1260 1248 1370 1313 fidium
1398 1247 1505 1325 etiam,
1565 1282 1567 1285 ·

332 1354 383 1421 uel
408 1359 582 1440 utrunque
608 1355 825 1421 coniunctum.
874 1353 938 1420 Sed
967 1354 1001 1419 id
1028 1376 1094 1419 non
1122 1355 1300 1433 credemus,
1327 1355 1507 1421 Homerum

332 1462 384 1528 ln's
404 1461 537 1529 vocibus
559 1463 607 1528 uti
629 1462 773 1549 potuisse
800 1460 901 1546 (quod
922 1460 987 1526 iam
1007 1462 1093 1547 apud
1114 1463 1255 1548 tragicos
1276 1463 1449 1548 reperitur,
1469 1466 1507 1528 ut

333 1569 555 1661 intelligamus
591 1592 760 1656 quousque
796 1568 836 1633 ab
873 1567 999 1654 origine
1033 1592 1091 1634 sna
1119 1571 1273 1655 temporis
1301 1570 1404 1637 abusu
1429 1593 1506 1655 pro·

334 1698 464 1763 grassae
486 1678 562 1761 sint)
590 1717 631 1725 —
658 1677 697 1743 de
722 1680 820 1742 cantu
849 1676 947 1742 ctiam
967 1676 1106 1762 lugubri.
1132 1712 1170 1725 -
1195 1672 1442 1763 Φιλοθρήνοιοτ
1468 1673 1505 1742 δὲ

270 1797 314 1847 141
333 1782 482 1865 μολπαῖς
512 1777 625 1849 αἴλινον
661 1787 788 1867 Φοῖβος
814 1774 907 1848 dende
931 1782 1039 1848 Noun.
1064 1781 1095 1848 Π
1125 1789 1173 1852 81.
1221 1784 1368 1851 aaaron
1391 1782 1507 1874 μολπῇ

332 1893 375 1960 ib.
400 1898 468 1961 136.

414 1999 479 2067 Sed
505 1999 678 2067 videndum
704 2022 747 2065 an
771 2003 809 2066 ut
834 1999 1027 2066 substantivi
1055 2022 1125 2066 esse
1146 1999 1318 2080 credimus,
1343 2001 1390 2068 ita
1417 2002 1505 2067 verbi

333 2130 462 2193 quoque
482 2102 678 2190 μέλπεσθαι
700 2107 846 2193 exempla
867 2108 953 2192 apud
971 2107 1149 2173 Homerum
1170 2109 1245 2189 sint,
1267 2109 1417 2175 cantmrdi
1438 2109 1505 2194 sig-

333 2215 551 2283 nificationem
572 2216 777 2301 praestantia.
813 2213 903 2294 Quae
924 2215 952 2280 si
973 2237 1041 2281 non
1063 2220 1171 2282 essent
1192 2216 1286 2284 nobis
1306 2216 1415 2301 potius
1430 2239 1505 2282 casu

333 2346 399 2389 non
420 2346 490 2391 esse
511 2324 691 2409 putandum
708 2327 802 2390 esset.
837 2322 1044 2389 Aristarchus
1064 2323 1166 2409 igitur
1182 2324 1245 2390 hoc
1259 2346 1326 2390 non
1340 2324 1426 2390 tulit.
1462 2323 1507 2389 Et

331 2434 371 2496 A
397 2438 458 2499 474
485 2431 578 2498 illum
607 2453 749 2512 versum,
774 2431 832 2497 ubi
861 2434 912 2496 est
937 2426 1122 2510 μέλποντες
1145 2425 1320 2514 Ἑκάεργον
1349 2433 1506 2512 „carmine

333 2538 559 2619 celebrantes“,
584 2539 728 2624 spurium
756 2559 826 2603 esse
849 2535 945 2603 facile
969 2537 1142 2618 eredimus,
1170 2543 1204 2605 at
1224 2540 1361 2607 fortasse
1383 2563 1423 2605 ne
1444 2540 1505 2606 iste

333 2646 463 2732 quidam
484 2646 581 2714 solus.
617 2646 788 2711 Praeterea
808 2644 957 2710 feruntur
977 2645 1042 2711 loci
1063 2650 1129 2712 tres
1144 2646 1195 2712 vel
1209 2646 1319 2732 potius
1334 2648 1407 2727 duo,
1421 2647 1507 2713 idem

332 2754 384 2819 bis
405 2755 434 2816 Σ
452 2750 562 2822 60111
585 2760 630 2833 17,
649 2756 682 2818 et
703 2775 720 2813 ν
741 2759 790 2820 27.
826 2752 877 2818 De
895 2751 1013 2837 quibus
1035 2752 1107 2819 vide
1126 2751 1454 2820 Fdedlamderumw.

400 2957 427 2997 ⁸⁰
446 2952 523 3021 Quae
544 2953 621 3024 apud
637 2951 814 3008 Athenaeum
831 2951 857 3007 V
876 2958 900 3009 9.
920 2958 950 3009 10
968 2955 1010 3024 (p.
1030 2957 1078 3008 180
1095 2954 1150 3022 sq.)
1173 2952 1208 3008 de
1225 2951 1348 3008 versibus
1369 2955 1386 3007 ί
1405 2956 1504 3008 15-19

335 3038 477 3103 dicuntur,
506 3036 697 3094 Aristarchum
717 3036 779 3093 illos
800 3036 957 3107 reliquisse,
987 3037 1017 3092 in
1043 3037 1097 3093 hoc
1123 3036 1193 3092 mihi
1216 3054 1291 3093 error
1313 3053 1371 3093 ease
1392 3035 1504 3092 videtur

334 3123 473 3180 Athenaei
490 3140 524 3179 ex
543 3121 629 3189 libro,
652 3138 737 3192 quem
758 3124 825 3178 ante
847 3122 941 3178 oculos
963 3121 1098 3187 habebat,
1123 3120 1298 3193 negligenter
1315 3119 1502 3177 exscribentis.

334 3207 376 3263 Ne
397 3206 468 3262 illud
490 3225 616 3277 urgeam,
639 3206 681 3262 ita
703 3223 767 3261 eum
788 3204 866 3276 loqui
887 3206 966 3276 quasi
987 3205 1054 3263 istos
1075 3224 1169 3262 versus
1190 3223 1284 3261 omnes
1306 3222 1342 3262 ne
1365 3204 1505 3261 invenerit

334 3291 448 3362 quidem
468 3291 510 3347 ihi
531 3291 706 3348 Aristarchus
727 3290 757 3345 in
783 3291 1000 3362 exemplaribus,
1027 3291 1077 3347 aad
1103 3291 1164 3362 ipse
1185 3289 1323 3348 intulerit!
1351 3290 1503 3355 Vocabula,

333 3375 434 3448 quihus
445 3375 542 3443 utitur,
561 3380 771 3449 προοουνῆψεν
788 3367 999 3448 ὀἌρίοταρχος
1016 3379 1046 3431 et
1062 3370 1198 3447 ἐμβαλὼν
1208 3369 1390 3447 Ἀρίσταρχος
1409 3373 1451 3441 τίς
1467 3369 1504 3431 τὸ

334 3462 501 3531 συμπόσιον
518 3451 569 3527 οὓς
586 3459 620 3519 οὔ
637 3464 768 3533 προσῆκε
785 3461 910 3530 στίχους,
928 3462 1003 3515 certe
1020 3460 1093 3515 hanc
1110 3458 1232 3531 speeiem
1248 3460 1387 3531 praebent
1404 3460 1453 3526 ita,
1471 3463 1505 3515 ut

333 3549 482 3617 postquam
504 3544 667 3603 Eustathius
690 3544 866 3601 Athenaeum
893 3543 1087 3615 exscripserat,
1116 3561 1149 3600 ex
1171 3543 1319 3600 Eustathio
1346 3545 1447 3602 deinde
1473 3546 1505 3601 in

334 3631 439 3687 scholia
452 3631 481 3685 Μ
492 3630 516 3684 Τ
527 3631 565 3686 ad
576 3634 593 3685 ί
606 3636 637 3686 17
650 3647 693 3686 res
710 3627 819 3686 venerit
834 3629 889 3685 hoc
906 3629 1001 3685 modo:
1021 3633 1095 3699 φασί
1110 3627 1180 3695 τοὺς
1195 3623 1222 3699 γ’
1236 3630 1322 3700 (recta
1339 3628 1399 3686 sine
1416 3630 1503 3687 dnbio

334 3715 493 3773 Dindorfins
510 3714 601 3772 edidit
619 3709 651 3772 e':
672 3712 750 3773 Euat.
769 3717 810 3787 (p.
831 3719 906 3781 1480,
926 3715 972 3783 18>
989 3718 1180 3785 προοουνῆψε
1198 3712 1267 3779 τοὺς
1283 3712 1371 3776 πέντε
1389 3713 1508 3787 στίχους

334 3803 468 3872 τούτους)
489 3802 607 3871 στίχους
627 3793 750 3864 τούτους
771 3803 811 3870 μὴ
834 3791 910 3855 εἶναι
926 3803 981 3854 τοῦ
994 3787 1129 3871 Ὁμήρου,
1151 3790 1224 3854 ἀλλὰ
1244 3802 1299 3854 τοῦ
1313 3788 1506 3871 Ἀριστάρχου.

334 3884 415 3951 Quod
437 3884 586 3942 ridiculum
608 3888 657 3941 est
678 3917 712 3926 -
733 3884 767 3940 ln
784 3884 932 3941 Athenaeo
955 3882 1045 3937 multa
1062 3882 1157 3953 quaeri
1175 3883 1303 3954 possunt:
1329 3900 1354 3939 a.
1370 3902 1398 3954 g.
1417 3903 1466 3940 cnr
1483 3902 1505 3939 c.

336 3975 472 4026 reversus
484 3969 642 4026 scribantur
652 3987 709 4026 non
722 3968 854 4039 quinque,
872 3966 921 4023 sad
933 3970 989 4023 tras
1006 3966 1113 4023 omissis
1123 3967 1178 4022 illis
1192 3966 1268 4036 μετὰ
1285 3964 1318 4023 δέ
1336 3985 1407 4039 σφιν
1423 3965 1506 4036 eper-

333 4072 407 4112 πετο
418 4058 504 4119 θεῖος
520 4045 622 4118 ἀοιδὸς
637 4055 800 4125 φορμίζων,
817 4052 860 4108 ita
876 4054 909 4106 ut
925 4051 961 4105 ab
973 4050 1134 4108 Aristarcho
1151 4052 1284 4108 dicuntur
1299 4052 1431 4108 adornati
1447 4070 1505 4108 esse

334 4141 364 4195 Σ
378 4144 437 4195 ool.
472 4139 526 4197 Sed
548 4138 738 4196 confitendum
760 4140 804 4193 est
822 4135 1003 4193 Aristonieaia
1025 4153 1136 4207 quoque
1153 4137 1320 4193 scholiorum
1336 4138 1434 4209 paucis
1450 4136 1505 4193 illis

333 4224 426 4281 verbis
447 4224 552 4281 relictis
568 4226 606 4281 ad
623 4229 640 4281 d
659 4230 704 4294 19,
726 4239 800 4294 quae
816 4239 901 4294 supra
918 4220 1058 4294 exscripta
1075 4221 1173 4289 habes,
1196 4240 1247 4279 nos
1269 4223 1359 4279 videri
1376 4223 1406 4279 in
1423 4220 1504 4278 deria

334 4308 408 4365 duci.
434 4310 569 4367 Attamen
584 4308 615 4366 id
632 4312 728 4368 tenere
743 4309 827 4375 solco,
845 4325 903 4365 non
920 4325 978 4365 esse
995 4307 1072 4380 quod
1088 4325 1147 4367 non
1162 4307 1251 4379 possit
1269 4314 1335 4366 csse.
