3425 4934
359 327 400 389 20
640 320 661 374 Ι,
690 318 731 374 De
748 319 872 374 fontibus
889 320 1032 375 doctrinae
1049 317 1249 374 Aristarchese.

359 486 473 550 citetis.
512 483 586 552 sch.
613 486 724 554 0246
746 479 1008 571 δλιγοδρανέωνε
1025 484 1065 554 τὸ
1087 478 1313 572 ὀλιγηπελέων
1332 475 1530 569 μετείληφεν

359 593 435 678 (leg.
458 586 527 657 άπὸ
550 594 610 657 τοῦ
631 585 857 679 ὀλιγηπελέων
879 590 1110 681 μετείληπται,
1133 598 1170 659 ut
1189 593 1311 658 habent
1330 590 1408 674 BL).
1452 589 1530 655 Por·

358 700 447 784 phyr.
470 723 523 785 qu.
552 700 648 769 Hom.
670 707 689 771 3
711 696 759 780 είς
787 692 847 768 οδν
875 696 1043 779 ἀελλόπος
1064 694 1083 790 ἡ
1102 691 1180 783 Ἰρις
1200 696 1342 782 λέγεται,
1366 689 1405 784 ἣν
1428 719 1530 779 μετα-

294 808 348 880 (23)
361 803 471 891 λαβὼν
492 805 680 894 ποδήνεμον
700 803 971 897 προσηγόρευκεν.
1019 810 1080 889 Qu.
1105 816 1125 877 2
1152 799 1171 873 ό
1199 804 1261 891 γὰρ
1296 795 1390 870 εἶπεν
1417 794 1532 891 ‚stim

357 912 418 997 μὲν
438 908 540 994 αὐτὸς
558 913 642 995 ζωὸς
662 913 840 1004 ἐφέστιος(
857 915 1056 1001 μεταλαβών
1075 911 1139 1005 ἔφη
1162 905 1266 1002 ,pss-9³
1289 907 1445 989 Ὀδυσεὺς
1474 909 1532 976 καί

359 1011 452 1087 οἶκον
474 1016 658 1090 ίκάνεται.“
700 1025 763 1091 Vel
782 1026 1055 1111 praepositionem
1076 1025 1233 1090 adsciscit.
1276 1022 1365 1101 Quae
1389 1020 1531 1106 plerum·

359 1152 421 1215 que
457 1135 506 1197 est
542 1124 595 1209 είς.
636 1137 675 1198 A
698 1138 759 1201 567
790 1125 956 1210 άάπτονςι
997 1127 1015 1197 ὁ
1048 1124 1085 1197 δὲ
1121 1129 1305 1217 Ζηνόδοτος
1340 1126 1398 1193 καί
1432 1121 1532 1204 αὐτὸς

359 1231 486 1318 ὁμοίιος
511 1242 559 1325 τῷ
580 1234 753 1322 πνεύματι,
782 1233 830 1316 είς
849 1237 908 1317 τὰς
929 1233 1063 1323 ἰσχυρὰς
1084 1236 1121 1304 δὲ
1140 1230 1395 1321 μετελάμβανεν.
1441 1235 1470 1299 Ο
1493 1242 1530 1302 10

359 1338 469 1412 εἴατο.-
490 1339 703 1432 Ἀρίσταρχος
728 1343 978 1430 μεταλαμβάνει
1007 1341 1055 1425 είς
1077 1345 1116 1412 τὸ
1147 1341 1303 1432 ὑπῆρχον.
1344 1348 1384 1409 A
1407 1350 1465 1410 114
1492 1333 1532 1405 οό

359 1448 454 1518 {teu
493 1452 594 1532 οὕτως
629 1448 842 1540 ὀξντονητίον
872 1452 934 1540 τὴν
967 1448 1007 1521 οἰί
1039 1448 1233 1543 άπόφασιν,
1266 1446 1306 1516 ἵν’
1340 1444 1389 1529 είς
1420 1441 1532 1537 ἁπλῆν

358 1559 562 1653 μεταληφθῇ
584 1555 790 1646 άντωννμίαν
820 1563 1093 1651 <μεταληφθῆναι
1116 1556 1321 1644 άντωνυμίαν
1341 1560 1425 1639 cod„
1449 1580 1530 1623 corr.

358 1669 486 1755 Bekis).
542 1673 660 1739 0146.
702 1671 853 1757 Apollon.
888 1677 1011 1757 syntax.
1040 1678 1113 1749 152,
1144 1679 1168 1738 1.
1201 1675 1272 1749 153,
1298 1676 1326 1737 6.
1374 1667 1439 1735 Sed
1460 1688 1531 1732 sex·

360 1781 454 1842 cents
482 1777 628 1863 exemplo
658 1782 741 1843 sunt
786 1776 855 1844 Iam
883 1779 999 1844 dicitur
1026 1780 1123 1845 etiam
1147 1770 1418 1861 μεταλαμβάνειν
1445 1765 1529 1849 circi,

361 1884 418 1949 sed
450 1886 610 1951 contraria
647 1887 787 1963 ratione,
825 1909 922 1971 quom
961 1909 999 1952 eo
1030 1886 1117 1965 loco,
1158 1886 1193 1950 in
1227 1906 1293 1969 quo
1328 1905 1388 1949 nos
1423 1902 1531 1946 versa·

358 2014 438 2057 mur.
481 1992 534 2059 Sic
560 1993 660 2059 schol.
687 1994 819 2060 Aristid.
849 2018 881 2080 p.
904 2003 974 2077 441,
995 1999 1032 2060 31
1059 1991 1118 2081 τὴν
1144 1988 1181 2056 δὲ
1207 1985 1321 2073 ἑτέραν
1345 1988 1532 2054 σπουδαῖον

313 2097 415 2163 10καὶ
435 2095 558 2165 καλάνι
585 2097 624 2165 τὸ
652 2103 760 2189 σχῆμα
785 2099 1033 2187 μεταληπτικὸν
1061 2102 1121 2165 τοῦ
1155 2092 1273 2183 λόγον·
1301 2089 1338 2163 οδ
1367 2094 1429 2180 γὰρ
1458 2084 1532 2160 εἷπε

357 2201 557 2284 σπουδαίαν,
582 2199 669 2271 ἀλλὰ
684 2207 881 2292 σπουδαῖον,
902 2205 940 2275 τὸ
963 2211 1100 2292 πρᾶγμα
1118 2204 1316 2290 μεταβαλὼν
1337 2201 1532 2289 (1.μιταλα·

357 2310 438 2394 βών)
470 2306 543 2379 άντί
577 2308 758 2398 ὀνόματος,
795 2316 874 2383 lne.
909 2310 1156 2399 μεταλαμβάνει
1193 2311 1232 2381 τὸ
1268 2306 1375 2395 όνομα
1411 2304 1459 2388 είς
1491 2307 1530 2375 τὸ

357 2423 504 2504 πρᾶγμα.
547 2422 595 2489 cf.
611 2425 818 2509 antiquorum
842 2425 987 2509 exemplo
1001 2424 1249 2490 constructionis
1264 2413 1532 2505 μεταλαμβάνειν

357 2551 391 2592 τι
413 2521 489 2592 άντί
502 2552 594 2608 τινος
614 2554 662 2616 cp.
683 2530 805 2597 Graser.
828 2554 913 2617 spec.
934 2530 1062 2597 Platon.
1083 2555 1115 2616 p.
1138 2537 1188 2600 86.
1230 2529 1268 2596 In
1288 2530 1346 2595 illo
1365 2532 1531 2594 construc-

358 2637 446 2701 tione
479 2659 552 2702 cum
585 2631 660 2701 άντί
688 2639 802 2703 nititur
832 2641 860 2704 is
890 2662 967 2705 usus
992 2639 1124 2725 passivi,
1154 2640 1210 2723 qui
1240 2638 1403 2705 invenitur
1429 2634 1531 2701 schol.

358 2848 490 2917 καὶτὸν
511 2845 558 2940 φή
587 2847 739 2937 ίγκλίνει,
767 2853 822 2919 ἵνα
843 2852 881 2920 τὸ
904 2848 953 2942 φή
973 2846 1094 2922 ταύτὸν
1114 2847 1245 2942 ὖπάρχη
1272 2855 1318 2938 τῷ
1338 2845 1384 2930 ὡς
1413 2848 1471 2916 καὶ
1490 2849 1527 2916 τό

356 2956 693 3044 μεταλαμβανόμενον
706 2956 857 3028 τοιοῦτον
871 2952 905 3051 ᾗ·
926 2955 996 3027 eicie*
1013 2954 1060 3038 ὡς
1078 2952 1222 3026 κώδειαν
1241 2953 1397 3040 ἀνασχών.
1430 2962 1460 3021 Γ
1473 2963 1531 3026 128

358 3062 415 3143 οός
429 3061 523 3131 teo.-
544 3064 739 3152 δγκλιτικιῦς
753 3062 1020 3154 άνεγναίσθηδιὰ
1038 3065 1076 3134 τὸ
1090 3062 1439 3151 μεταλαμβανόμενον,
1457 3060 1532 3130 ἐπεὶ

358 3166 406 3249 εἷς
424 3166 533 3262 ἁπλῆν
549 3168 570 3263 ἡ
589 3172 810 3264 μετάληψις.3
845 3178 923 3244 Vos.
939 3169 1279 3258 άντιμεταλαμβάνειν
1292 3198 1370 3241 usus
1393 3179 1442 3241 est
1455 3173 1530 3238 An·-

358 3282 500 3347 stonicus
519 3286 554 3346 Π
575 3287 615 3352 36
638 3277 670 3372 (ἡ
694 3284 809 3373 διπλῆ)
832 3280 886 3351 ότι
910 3277 929 3350 ὁ
950 3281 1047 3364 χόλος
1071 3275 1359 3369 άντιμετείληπται
1386 3274 1432 3358 ὡς
1458 3273 1527 3347 ico·

360 3386 513 3471 δοναμῶν
526 3393 566 3479 τῇ
579 3386 705 3475 μήνιδι.
741 3392 783 3457 Η.
799 3415 823 3458 ε.
839 3386 858 3458 ὁ
872 3389 971 3471 χόλος
990 3387 1208 3478 μετείληπται
1223 3383 1295 3455 άντὶ
1309 3393 1366 3477 τῆς
1383 3388 1530 3477 μήνιδος.

358 3495 418 3561 His
448 3497 549 3583 igitur
585 3503 750 3584 exspectes
777 3504 891 3565 nostro
918 3499 992 3565 loco
1018 3522 1109 3565 versa
1137 3500 1205 3564 vice
1233 3498 1403 3564 dicendum
1431 3496 1529 3563 fuisse

358 3595 442 3667 κατά
456 3626 532 3668 τινα
546 3599 770 3693 ὑπομνήματα
783 3606 1010 3695 μετειλῆφθαι
1031 3599 1103 3670 άντί
1123 3609 1182 3670 τοῦ
1203 3604 1289 3689 μέγα
1308 3604 1347 3669 τὸ
1369 3599 1530 3688 μεγάλως.

424 3854 549 3909 ³Strsb.
571 3854 610 3907 IX
628 3873 655 3924 p.
675 3859 724 3909 435
747 3850 819 3910 ὅταν
843 3845 898 3910 οὖν
918 3850 1033 3924 ἄσημον
1053 3853 1162 3918 τελέας
1182 3844 1201 3924 ᾖ
1223 3850 1260 3908 κδ
1276 3853 1452 3920 λειπόμενον
1468 3854 1532 3909 νννλ

358 3938 488 4008 σύστημα
507 3932 569 3993 οὔτ’
585 3932 669 4003 ἄξιον
685 3942 798 4009 μνήμης
814 3941 938 4007 τίθεμεν
955 3931 1018 3994 οὔτ’
1033 3931 1105 3994 αδτδ
1122 3931 1191 3993 οὔτε
1213 3931 1343 4006 τοῦνομα
1359 3930 1395 3991 τδ
1412 3940 1535 4007 μεταλη-

357 4021 442 4090 φθέν.
477 4022 537 4077 Hoc
554 4024 681 4077 vertunt:
704 4040 823 4086 „nomen
841 4024 916 4093 quod
934 4022 1069 4093 accepite
1104 4021 1164 4076 Hoc
1176 4024 1271 4092 potest
1287 4019 1451 4090 significare·
1486 4020 1534 4075 Ac

359 4109 455 4160 tamen
472 4106 521 4160 illo
538 4106 599 4162 loco
617 4106 762 4162 Strabonis
779 4108 920 4163 sententio
936 4107 1077 4178 postulare
1090 4105 1201 4161 videtur
1218 4121 1338 4170 „nomen
1356 4104 1431 4174 quod
1449 4108 1534 4160 entes

357 4193 426 4254 erat,
443 4207 518 4245 nunc
535 4195 677 4246 mutatum
688 4195 746 4247 est“
765 4186 812 4263 (εδ
828 4211 891 4260 μετ.
903 4208 939 4247 se.
954 4187 997 4256 εἰς
1014 4185 1136 4260 ἕτερον).
1161 4189 1241 4255 Quod
1254 4189 1430 4259 grammatici
1447 4190 1532 4258 vulgo

356 4268 597 4346 μεταλαμβάνειν,
614 4276 668 4329 hoe
686 4275 848 4331 Alistoteles
866 4276 938 4330 dixit
953 4275 1144 4344 μετατιθέναι
1161 4278 1235 4345 poet
1253 4274 1333 4329 XXII
1347 4279 1379 4329 13
1392 4274 1437 4343 (cf.
1450 4273 1532 4328 Dion.

357 4374 447 4428 comp.
465 4377 490 4412 v.
510 4377 538 4429 p.
557 4364 598 4425 ³8,
619 4364 670 4425 56).
