3425 4934
643 329 665 380 1.
689 324 729 380 De
747 326 916 384 accentibus.
1304 335 1364 399 285

197 489 349 556 κιναιδατ
369 484 388 555 ὁ
409 492 469 576 τῆς
487 484 709 574 Κλεοπάτρας
728 486 881 573 κίναιδος
897 491 1039 576 χελιδὼν
1060 491 1219 561 ἐκαλεῖτο.
1255 495 1308 562 Ad
1329 518 1367 563 ec

198 622 280 685 quae
294 621 362 665 non
381 602 510 666 mutant
530 604 698 667 accentum
718 602 787 668 sine
809 604 877 671 ulla
898 606 1099 672 dubitatione
1120 598 1367 686 εε1ετοΚαρκί-

198 729 263 782 νος.
296 706 344 772 Et
361 697 505 785 Ἰκτῖνος.
543 703 624 786 „dcc
646 705 684 773 δὲ
705 708 762 775 καὶ
777 703 911 799 Ἀττικὴ
935 707 1024 794 λέξις
1045 704 1063 777 d
1087 707 1287 798 δημιουργὸς
1308 709 1367 797 δη-

199 812 255 880 λοῖ
277 811 335 879 καὶ
354 806 565 900 Ἡρωδιανὸς
594 810 733 901 ἱστορῶν
759 814 813 884 ὅτι
836 812 970 898 Ἰκτῖνος
998 817 1093 902 παρὰ
1114 812 1279 896 Ἀττικοῖς
1306 811 1366 884 οὐκ

199 914 326 1010 ἄσημος
347 921 548 1011 δημιουργὸς
569 917 746 1009 ὁμώνυμος
765 929 812 1012 uqi
833 919 958 1011 ὄρνιθι,
981 915 1021 993 οὗ
1042 924 1100 992 καὶ
1117 924 1179 1013 τὴν
1199 945 1367 1009 περισπω-

197 1027 298 1119 μένην
320 1026 484 1118 φυλάσσει
506 1029 540 1098 ev
561 1036 602 1122 τῇ
618 1029 881 1122 ττοιραληγοιῖσηα
904 1035 1008 1118 OEust.
1032 1040 1124 1113 1825,
1149 1038 1209 1120 12).
1246 1035 1366 1114 Quam·
1384 1047 1432 1101 119

200 1163 297 1226 quam
321 1141 418 1207 hodie
444 1141 518 1207 libri
539 1142 676 1222 variant,
702 1166 730 1210 v.
753 1142 939 1210 Tuschucke
962 1144 1067 1211 Strab.
1088 1142 1133 1208 lX
1153 1166 1185 1229 p.
1207 1148 1277 1213 395.
1316 1145 1369 1210 Ad

200 1273 238 1316 ea
259 1271 341 1334 quae
362 1253 490 1315 mutant
510 1251 688 1329 transituri,
714 1244 835 1336 Λάγον
861 1248 948 1336 πρὸς
974 1248 1155 1337 διαστολὴν
1178 1255 1238 1316 τοῦ
1263 1250 1369 1336 λαγοῦ

199 1358 264 1422 iam
285 1356 400 1423 melius
422 1357 529 1423 edocti
550 1357 723 1425 Eustathio
750 1380 824 1425 cum
853 1359 920 1425 suis
941 1360 1126 1426 auctoribus
1148 1359 1367 1444 relinquimus,

199 1486 265 1531 non
287 1464 444 1549 antiquis,
464 1463 640 1543 παλαιοῖς,
666 1470 703 1532 ut
722 1466 776 1532 isse
798 1489 837 1533 ex
857 1489 946 1533 more
969 1490 1027 1533 suo
1048 1467 1202 1552 loquitur,
1222 1466 1279 1531 sed
1300 1468 1368 1532 sine

201 1572 299 1638 dubio
320 1573 564 1654 recentissimis,
591 1597 622 1660 p.
645 1579 713 1643 811.
753 1574 879 1661 Ircgum
899 1597 966 1640 non
991 1575 1139 1642 novimus
1165 1575 1228 1640 nisi
1253 1575 1369 1640 barba-

199 1701 289 1757 rum,
318 1679 399 1747 Aen.
428 1680 457 1746 X
485 1687 555 1751 381.
602 1681 667 1749 Sed
693 1685 867 1749 occurrunt
891 1683 1030 1768 primum
1056 1681 1214 1767 quaedam
1242 1704 1324 1767 quae
1351 1704 1371 1746 a

200 1788 306 1855 verbis
320 1791 397 1853 sunt
411 1791 444 1853 et
458 1789 620 1855 verbalem
631 1789 901 1876 significationem
915 1789 1049 1855 habent:
1067 1785 1237 1875 Τελέστης,
1250 1788 1369 1855 Athen.

200 1894 265 1964 211.
292 1902 384 1964 5028.
410 1896 496 1965 6161.
523 1897 618 1965 6171).
642 1898 728 1966 6251.
755 1905 849 1968 63711.
901 1898 1035 1984 Dionys.
1062 1920 1166 1983 comp.
1192 1920 1221 1961 v.
1250 1919 1282 1982 p.
1308 1902 1369 1964 265

201 2004 270 2085 (ubi
290 2027 319 2072 r.
340 2003 486 2089 Schael).
526 2004 612 2072 Plut.
642 2006 734 2075 Alex.
762 2029 788 2073 c.
811 2012 840 2076 8.
874 2007 1006 2073 Diodor.
1032 2005 1108 2071 XIV
1133 2012 1182 2075 46.
1216 2003 1370 2090 Apollon.

200 2113 232 2176 h.
254 2113 324 2180 mir.
346 2135 373 2181 c.
388 2120 437 2182 46.
473 2111 563 2179 Ilnst.
581 2120 669 2195 1596,
682 2119 734 2192 20,
756 2113 852 2195 Suid,
876 2115 915 2180 de
937 2135 1002 2199 quo
1023 2114 1154 2179 nomine
1176 2134 1371 2198 quamquam

201 2241 261 2286 nec
284 2222 372 2287 omni
392 2221 593 2288 dubitatione
614 2227 702 2288 caret
715 2221 879 2288 Enstuthii
898 2221 1119 2287 testimonium
1140 2223 1182 2306 (p.
1200 2225 1288 2300 1187,
1309 2223 1371 2303 26),

202 2350 241 2392 ex
262 2326 458 2414 Philopono,
480 2330 608 2416 opinor,
630 2329 820 2409 haurientis,
845 2351 905 2395 nec
926 2329 1046 2414 ubique
1068 2329 1147 2394 satis
1167 2327 1259 2393 firma
1280 2327 1370 2393 codd

201 2434 290 2515 fides,
311 2440 419 2502 tumen
432 2437 518 2502 idem
532 2437 636 2504 sentio
652 2438 740 2523 quod
760 2436 908 2523 plerique
930 2436 1069 2502 editores
1091 2435 1212 2521 ubique
1233 2458 1370 2522 paroxy-

201 2546 300 2609 tonos
319 2543 503 2610 scribentes.
538 2542 624 2610 Nam
643 2545 739 2609 nimis
756 2544 850 2610 facile
865 2544 946 2610 illud
965 2540 1125 2630 Τελέστης
1139 2566 1174 2609 se
1189 2544 1372 2629 applicabat

202 2651 243 2717 ad
257 2651 359 2716 multa
370 2673 500 2738 propria
513 2651 549 2716 in
562 2670 665 2737 εστης,
683 2645 846 2739 Ὀρέστης,
868 2647 1021 2739 Θυέστης,
1040 2644 1242 2739 Ὀφελέστης
1258 2652 1289 2716 Θ
1302 2657 1371 2729 274,

201 2751 369 2845 Αἷγέοτης
390 2757 451 2826 Str.
466 2757 514 2824 VI
532 2765 602 2843 272,
622 2761 782 2845 Aegestae
802 2759 855 2824 vel
876 2760 1014 2825 Acestae
1034 2759 1189 2838 conditor,
1209 2759 1264 2843 qui
1285 2757 1371 2823 idem

199 2857 365 2954 Ἀκέστης,
389 2865 501 2952 Steph
522 2866 597 2952 Byr.
619 2890 644 2934 s.
662 2860 811 2955 Ἀκέοτη,
836 2871 870 2933 et
890 2867 1009 2934 Herod
1029 2866 1145 2933 Arcad.
1166 2888 1196 2950 p.
1216 2871 1265 2944 27,
1286 2865 1370 2947 7(Ρ).

199 2965 377 3061 Ἕθνέοτης
396 2974 507 3061 Steph
522 2974 560 3040 Β.
576 2998 599 3041 s
613 2999 641 3041 r
661 2971 859 3062 Πευκέστης,
879 2998 970 3041 cums
991 2979 1025 3040 e
1045 2974 1131 3060 apud
1151 2972 1232 3037 alios
1249 2970 1370 3036 mentio

203 3086 306 3148 estet
326 3083 412 3168 apud
428 3083 663 3150 Diodorumct
680 3083 852 3150 Arrianum
874 3082 1141 3168 frequentissima.
1162 3118 1202 3129 —
1220 3072 1454 3164 Ὀξύντηςίσοι)

203 3189 310 3271 (Paus.
325 3189 356 3256 Π
374 3197 422 3270 18,
433 3195 474 3276 9).
511 3192 558 3258 cf.
570 3184 739 3273 Ἀμύντας.
776 3186 926 3280 Νικήτης
940 3189 1041 3273 (Suid.
1057 3212 1081 3255 s.
1096 3212 1125 3258 τ.
1144 3187 1235 3254 Eust.
1251 3209 1283 3272 p.
1304 3191 1371 3254 156.

202 3320 230 3364 v.
248 3296 401 3367 Philostr.
423 3300 478 3366 vit.
502 3299 594 3386 soph.
614 3321 646 3384 p.
669 3308 728 3368 511
751 3303 785 3366 et
805 3306 867 3369 512
887 3298 1024 3384 saepius,
1048 3303 1119 3365 516.
1140 3301 1225 3378 518).
1267 3286 1373 3380 Φιλή-

202 3407 493 3492 τας(18σ16.11).).
530 3407 655 3474 Horum
676 3412 785 3473 tamen
805 3409 859 3474 vix
877 3408 978 3474 ullum
1000 3428 1039 3472 cx
1060 3404 1262 3471 substantivo
1283 3405 1372 3466 tran·

204 3517 284 3583 sisse
304 3517 339 3581 in
359 3516 526 3601 proprium
541 3514 637 3596 dicas,
658 3536 731 3582 cum
752 3516 955 3582 substantiva
975 3513 1092 3598 partim
1106 3512 1235 3597 poetica
1255 3510 1373 3596 partim

204 3624 346 3690 recentia
365 3624 542 3689 videantur.
570 3662 610 3673 -
636 3621 750 3688 Frater
770 3621 960 3708 Penelopes,
982 3621 1038 3707 qui
1059 3620 1144 3706 apud
1165 3617 1373 3685 Euststhium

208 3737 295 3811 1773,
320 3737 357 3800 21
382 3735 431 3798 est
451 3722 625 3818 Αὐλητής,
653 3753 692 3797 cx
712 3729 887 3796 Harleiano
910 3729 1040 3815 quidem
1063 3731 1094 3812 (o
1118 3729 1169 3810 16)
1190 3747 1275 3792 nunc
1296 3725 1374 3791 exiit

205 3832 371 3926 Αὖλήτης.
412 3837 477 3906 Sed
501 3842 676 3922 antequam
702 3842 959 3924 corrumperetur
985 3840 1054 3904 erat
1077 3827 1233 3922 Ἀλήτης,
1262 3836 1300 3899 ut
1325 3834 1375 3897 est

205 3947 291 4031 apud
311 3945 546 4032 Apollodorum
572 3943 620 4010 III
642 3953 694 4025 10,
716 3950 745 4013 6.
788 3942 859 4010 Nec
885 3945 988 4030 magis
1013 3944 1099 4009 inter
1120 3941 1293 4008 Homerica
1314 3962 1373 4006 no·

204 4056 293 4120 mina
317 4055 352 4119 in
377 4054 550 4120 certamine
576 4052 711 4119 Hesiodi
739 4055 772 4117 et
799 4050 933 4118 Homeri
960 4074 1010 4138 ap.
1035 4048 1153 4117 Goettl.
1175 4072 1205 4135 p.
1227 4054 1289 4117 214
1310 4051 1376 4114 stat

203 4155 376 4250 Αὖλητης,
400 4163 445 4227 sic
466 4161 532 4226 illic
553 4160 716 4240 scribitur,
737 4160 794 4225 sed
815 4160 842 4225 is
865 4152 1062 4246 αε1’Ἀλτης,
1083 4162 1121 4224 ut
1140 4161 1226 4223 recte
1248 4157 1376 4221 monuit

204 4292 244 4335 ex
273 4269 372 4337 schol
400 4273 436 4332 X
459 4276 497 4337 51
526 4267 719 4334 Welckerus
749 4267 826 4352 cycl.
851 4290 882 4352 p.
910 4273 979 4335 149.
1022 4264 1084 4331 Hic
1115 4264 1373 4330 commemorabo

205 4369 357 4465 φυλακός
386 4368 553 4452 Φύλακος,
588 4375 709 4442 Herod.
732 4375 845 4441 Arcad.
867 4379 965 4454 51,8
990 4378 1024 4438 et
1050 4373 1092 4438 ad
1110 4370 1145 4437 Il
1167 4372 1199 4435 Ω
1221 4378 1291 4440 566.
1330 4370 1375 4436 111
