3425 4934
264 341 285 391 l.
307 333 380 401 Quid
397 339 464 391 ante
481 335 672 391 Aristarchum
690 334 720 390 in
737 336 791 391 hue
806 336 951 408 interpret.
969 338 1136 409 praestitum
1153 338 1291 394 videatur.
1325 345 1365 408 39

194 506 340 592 magistri
373 505 546 591 discipulos
579 503 758 571 Homerum
792 506 976 592 intelligere
1012 507 1185 583 docebant,
1216 506 1363 587 breviter,
1380 522 1413 574 ss

194 613 322 698 opinor,
349 613 507 679 dictantes
535 636 638 698 usque
660 614 736 679 dum
765 614 925 680 excellens
946 614 1091 680 doctrina
1112 617 1267 681 memoria
1287 615 1365 680 hae·

193 726 285 803 reret,
305 721 351 787 sic
372 721 440 788 fere
460 725 498 787 ut
517 721 552 786 iu
570 721 699 807 Cratylo
713 721 861 788 Platonis
881 723 1020 810 legimus
1042 723 1150 806 (409⁸)
1168 720 1207 788 τὸ
1231 718 1268 787 δὲ
1288 744 1364 787 ποι-

193 824 319 893 κίλλειν
332 825 391 895 καὶ
407 820 536 894 αἰολεῖν
548 820 681 895 ruderis:
703 853 899 916 quamquam
914 831 1068 915 quasdam
1086 831 1183 896 etium
1205 831 1364 897 doctiores

194 938 311 1003 siDeo
336 936 446 1022 placet
471 936 602 1023 regulus
627 960 667 1004 ex
687 938 745 1003 illa
768 943 893 1004 mature
915 938 1045 1005 Graecis
1072 938 1219 1004 adamata
1240 942 1364 1023 etymo·

192 1046 279 1132 logia
300 1044 460 1110 addidisse
486 1044 581 1111 facile
602 1044 803 1125 crediderim,
836 1045 932 1131 quale
956 1045 1081 1112 scilicet
1104 1045 1185 1111 illud
1207 1048 1268 1125 est,
1299 1067 1363 1131 quo

193 1157 230 1219 ut
250 1156 329 1219 noto
351 1152 453 1219 utitur
473 1151 568 1219 Plsto
591 1153 689 1236 (Oret
709 1154 806 1237 4050)
827 1148 939 1234 ὥσπερ
960 1149 1019 1219 τὸν
1040 1146 1234 1218 ἀκόλουθόν
1254 1174 1290 1217 ιε
1306 1149 1364 1218 καὶ
1375 1144 1430 1218 (46)

193 1258 250 1347 τὴν
270 1255 409 1345 ἄκοιτιν,
432 1255 556 1326 ὅτιτὸ
579 1283 601 1324 α
622 1252 808 1345 σημαίνει
828 1257 1036 1341 πολλαχοῦ
1055 1259 1100 1329 τὸ
1124 1254 1232 1344 ὁμοῦ.
1272 1259 1365 1326 ΤοΗε
1406 1337 1410 1345 Ι

195 1369 480 1454 interpretamenta
494 1390 534 1434 ex
546 1368 662 1454 puerili
679 1367 846 1453 disciplina
866 1391 924 1454 per
937 1370 1186 1437 Atheniensium
1208 1391 1263 1435 ora
1284 1369 1364 1435 voli-

194 1477 318 1543 tabant:
344 1498 404 1542 nec
424 1476 569 1561 profecto
591 1474 725 1541 Homeri
746 1475 870 1561 gloriae
891 1477 965 1563 plus
987 1477 1174 1558 effecerunt,
1196 1499 1294 1562 quam
1314 1481 1366 1542 tot

192 1584 349 1653 vocabula
363 1584 491 1662 Graeca,
506 1583 727 1649 Romanorum
742 1584 839 1670 vulgo
854 1584 999 1670 profecto
1011 1585 1222 1672 ignotissima,
1235 1584 1365 1651 comicis

192 1692 323 1773 Latinis,
342 1714 439 1777 quam
453 1691 550 1757 hodie
564 1694 718 1757 centenos
734 1691 979 1758 obscurissimae
992 1714 1087 1759 voces
1102 1692 1241 1773 Goethii,
1261 1692 1364 1777 Klop-

194 1800 318 1879 stoclrii,
340 1799 449 1867 Vossii
463 1800 517 1881 (ue
530 1798 719 1865 Richterum
741 1799 865 1880 dicam),
884 1821 966 1885 quos
981 1822 1093 1866 omnes
1108 1803 1248 1884 stupent,
1270 1823 1366 1884 quern

193 1908 243 1973 vel
264 1929 330 1973 non
351 1906 538 1992 intelligant
558 1905 610 1972 vel
629 1906 763 1973 ridicule
783 1907 969 1992 paucissimi
990 1908 1144 1974 sentiunt.
1186 1905 1268 1972 Istas
1289 1929 1364 1972 vero

195 2037 276 2100 quae
296 2014 459 2102 magistris
480 2014 554 2080 usui
575 2017 683 2079 esseut
704 2037 847 2100 quasque
869 2037 928 2099 per
946 2039 1060 2082 munus
1081 2015 1246 2082 traderent
1264 2015 1364 2081 inter·

193 2123 390 2207 pretationes
403 2122 520 2188 litteris
537 2122 744 2207 consignatas
759 2125 792 2188 et
811 2123 989 2189 identidem
1010 2123 1185 2207 descriptas
1206 2146 1276 2189 esse
1297 2126 1364 2188 tam

193 2229 361 2316 probabile
376 2235 410 2296 et
421 2234 672 2297 consentaneum
687 2234 745 2315 est,
767 2230 846 2296 utsi
868 2253 935 2296 non
956 2232 1077 2296 factum
1099 2235 1185 2298 esset
1204 2231 1257 2295 vix
1280 2234 1366 2296 esset

194 2338 359 2417 credibile;
391 2338 470 2404 item
494 2338 553 2404 has
581 2359 693 2403 omnes
721 2337 847 2425 glossas
875 2342 943 2403 tem
970 2338 1032 2404 sibi
1058 2337 1180 2404 similes
1206 2338 1305 2404 fuisse
1328 2342 1365 2404 ut

196 2469 290 2512 ovum
311 2469 373 2513 ovo
395 2468 462 2512 non
483 2445 632 2512 similius:
654 2446 794 2531 denique
814 2446 929 2512 harum
951 2450 1099 2512 auctores
1120 2445 1171 2512 vel
1192 2446 1364 2532 scriptores

195 2575 312 2620 nomen
334 2576 400 2621 non
420 2553 587 2632 habuisse,
615 2556 653 2619 ut
679 2575 746 2620 non
771 2554 939 2640 potuerint
963 2553 1097 2620 indicari
1118 2553 1181 2619 nisi
1202 2553 1365 2620 communi
1396 2574 1398 2581 ¹

195 2661 298 2727 indice
319 2655 374 2745 „oi
395 2654 681 2748 ylooooyodoosf‘

274 2768 396 2854 Ecquis
413 2768 547 2836 meliora
562 2792 581 2834 a
594 2768 799 2854 rhapsodis
814 2769 1066 2853 exspectaverit?
1087 2766 1157 2835 Neo
1173 2770 1253 2835 dixit
1275 2770 1364 2855 quis·

195 2899 291 2961 qnam
309 2876 370 2942 hos
392 2877 431 2942 de
452 2876 565 2962 lingma
579 2875 699 2943 Graeca
719 2876 803 2941 bene
824 2876 978 2943 meruisse
1000 2899 1060 2943 neo
1080 2877 1217 2942 istorum
1230 2877 1365 2942 Homeri

195 2984 396 3051 laudatorum
416 2983 467 3050 vel
490 2984 636 3050 doctrine
655 2984 708 3049 vel
728 2988 844 3069 poetae
866 2985 1022 3066 studium,
1050 2984 1146 3069 quale
1168 3006 1206 3050 ex
1226 2982 1364 3049 Platone

197 3094 229 3157 et
240 3091 455 3177 Xenophonte
471 3092 690 3178 cognovimus,
710 3096 838 3178 praeter
850 3091 968 3177 vulgus
987 3092 1132 3177 sapuisse
1146 3091 1364 3177 persuadet.²²

275 3199 475 3266 Rhetores
490 3204 576 3265 certe
591 3199 734 3266 Homero
749 3199 796 3265 nil
813 3199 1014 3285 profuerunt,
1036 3201 1102 3267 imo
1122 3199 1306 3266 dehrerunt:
1326 3202 1366 3264 ut

196 3307 307 3373 eodem
321 3306 549 3392 Aristophanis
566 3308 748 3392 fragmento
771 3307 927 3374 aGaleno
949 3312 1085 3401 servato,
1106 3330 1171 3394 quo
1185 3309 1250 3373 iam
1267 3330 1365 3393 supra

195 3414 244 3480 nsi
267 3438 387 3495 sumus,
408 3419 547 3482 constet:
569 3438 644 3480 num
661 3414 701 3480 ab
722 3415 903 3482 Homericis
925 3415 967 3479 ad
988 3414 1118 3482 Solonis
1139 3416 1265 3503 glossas
1287 3438 1364 3481 cau·

195 3544 299 3588 sarum
314 3521 477 3588 actoribus
491 3521 675 3606 profuturas
689 3523 841 3588 iuvenum
855 3523 981 3589 animos
1002 3529 1225 3590 avocaverunt.
1259 3521 1364 3601 Quare

194 3628 248 3695 illa
273 3651 377 3696 novae
402 3629 480 3695 artis
506 3630 670 3697 studiosus
698 3631 836 3710 iuvenis,
868 3631 1033 3697 convietus
1061 3631 1095 3696 in
1121 3631 1401 3698 Homericammee

194 3735 374 3823 glossarum
388 3736 581 3822 ignorantie,
600 3730 862 3824 ἀντιπροβάλλει
877 3737 1004 3821 (Galesi
1018 3739 1116 3804 rerba
1130 3742 1206 3804 sunt
1225 3735 1277 3823 (T.
1292 3735 1365 3802 XIX

194 3890 400 3903 ——-.--

193 3972 315 4043 aliosque
332 3971 510 4040 recentiores,
529 3971 578 4042 qui
596 3972 681 4028 libros
698 3972 849 4043 glossarum
872 3969 985 4026 nomine
1006 3971 1162 4027 ediderunt
1196 3966 1364 4025 Recentiori-

192 4057 243 4114 bns
258 4057 371 4115 scholiis
386 4055 541 4113 Homericis
557 4056 635 4113 nulla
651 4057 682 4112 in
698 4057 780 4113 huius
796 4055 925 4112 vooabuh
942 4073 994 4111 usu
1012 4055 1089 4110 fides.
1124 4054 1168 4110 Sic
1185 4054 1207 4108 L
1223 4053 1260 4108 sd
1275 4058 1299 4110 Ο
1315 4059 1364 4110 324

192 4140 221 4199 ol
236 4141 468 4214 γλωσσογράφοι
485 4139 578 4212 ἤγουν
593 4133 696 4198 Ἀπίων
711 4143 760 4198 καὶ
776 4137 950 4213 Ἡρόδωρος,
967 4140 1043 4210 quod
1059 4139 1107 4194 ille
1124 4137 1302 4194 Eustathium
1320 4157 1364 4194 ox-

190 4227 313 4284 scribens
330 4226 445 4298 proprio
460 4225 554 4281 Marte
570 4224 682 4282 addidit
699 4225 744 4296 (cf.
761 4224 838 4281 Eust.
856 4231 916 4287 476,
934 4228 988 4289 te).

256 4312 283 4356 22
298 4313 333 4367 In
349 4310 474 4378 scholiis,
490 4310 513 4366 si
530 4313 607 4366 recte
624 4309 747 4375 memini,
763 4309 848 4365 semel
865 4309 998 4379 rhapsodi
1017 4308 1202 4380 (Hermodori)
1215 4307 1364 4380 explicatio

190 4398 315 4465 affertur,
332 4398 433 4473 inepto
449 4396 505 4464 illa,
525 4397 551 4451 Φ
572 4401 613 4455 26.
