3425 4934
421 330 444 380 3.
468 319 632 394 λευγαλέας.
657 315 750 392 γύαλα
767 315 915 392 θώρηκος.
937 317 1084 391 ἐπίουρος.
1279 324 1337 385 107

168 495 228 558 τοῦ
250 488 408 576 θώρακος
432 489 552 577 γύαλον
582 487 641 556 διὰ
667 488 726 579 τὴν
746 482 924 575 κοιλότητα
946 483 1049 572 λέγει,
1077 478 1115 553 ού
1136 479 1238 569 μέρος
1258 477 1339 566 ὡρι-
1358 486 1405 537 107

167 596 292 680 σμένον
311 604 370 666 τοῦ
391 593 558 685 θώρακος.
600 601 695 678 Quod
716 598 815 665 schol.
838 597 892 663 BL
914 598 992 663 dicit
1012 596 1115 677 possis
1136 597 1249 680 putare
1271 614 1341 657 esse

171 710 359 794 opinionem
387 710 427 774 nb
448 709 636 775 Aristarcho
657 707 843 786 refutatam,
871 709 991 772 temere
1013 705 1174 789 arreplnm
1195 723 1234 767 ex
1255 701 1340 766 eius·

167 816 257 882 modi
286 817 367 882 loeis
394 816 497 901 qualis
523 817 577 883 hie
603 820 667 882 eel:
696 810 752 880 καὶ
771 806 847 897 βάλ’
876 809 1096 886 ἐπαΐσσοντα,
1126 805 1231 888 τυχών
1256 805 1341 871 κατὰ

168 920 279 1001 δεξιὸν
299 912 407 1004 ὦμον,
434 922 589 1011 θώρηκος
616 917 740 1006 γύαλον
747 969 756 1001 ,
785 945 859 989 cum
881 926 989 988 lemen
1010 919 1065 986 elii
1085 919 1148 985 loci
1168 917 1235 983 sini
1255 917 1341 982 eius·

168 1030 256 1097 modi
281 1022 367 1112 βάλε
393 1028 536 1116 γαστέρα
563 1028 703 1117 μέσσην,
735 1030 813 1116 ῥῆξε
845 1026 882 1094 δέ
908 1025 1062 1113 θώρηκος
1090 1021 1230 1110 γύαλον,
1255 1020 1341 1088 κατὰ

167 1250 244 1311 sunl
264 1247 295 1309 Ε
309 1251 377 1315 189.
408 1252 442 1309 Ν
461 1255 531 1316 507.
565 1250 677 1318 0530.
719 1242 1117 1331 Τ301(κραταιγύαλος).
1150 1242 1189 1309 V.
1211 1240 1341 1306 Ρεεεοτ.

167 1357 202 1447 ολ
220 1352 360 1421 Penenn.
383 1353 412 1420 Χ
433 1361 482 1437 26,
504 1363 533 1422 5.

648 1681 856 1773 Ἐπίουρος

584 1840 604 1903 ί
626 1864 654 1925 φ.
677 1828 786 1924 οὖρος,
806 1853 920 1905 mneos.

245 2003 422 2070 Herodian.
441 2008 476 2067 N
488 2012 550 2075 450
568 2000 680 2093 Κρήτη
695 2001 870 2091 ἐπίουρον·
887 2008 986 2071 τοῦτο
1000 2005 1120 2086 τριχῶς
1137 1992 1339 2083 ἀνεγνώσθη.

164 2106 354 2194 Ζηνόδοτος
367 2108 429 2195 γὰρ
444 2106 490 2190 ὡς
504 2107 693 2196 ἐπίκουρον,
716 2108 932 2196 ἐκδεχόμενος
951 2107 1094 2196 βασιλέα
1115 2106 1171 2174 καί
1192 2099 1341 2194 φύλακα·

164 2216 219 2283 καί
237 2212 454 2301 Ἀρίσταρχος
474 2216 513 2284 δέ
533 2215 651 2298 οὕτως,
685 2216 900 2304 ἐκδεχόμενος
920 2219 978 2286 τὸν
999 2212 1148 2306 φύλακα·
1176 2212 1341 2297 μέμνηται

166 2322 201 2390 tii
227 2324 287 2391 καί
315 2317 334 2393 ό
357 2321 509 2408 Δίδυμος
533 2330 590 2416 τῆς
621 2321 820 2407 ἀποδόσεως
846 2326 903 2393 καὶ
929 2322 1071 2412 Τρύφων
1092 2330 1183 2412 (ρυλε
1202 2325 1237 2389 in
1258 2322 1340 2387 libro

165 2431 240 2517 περί
263 2425 407 2516 ἀρχαίας
428 2427 660 2518 ἀναγνώσεως).
703 2433 809 2503 ἐκεῖνο
836 2432 875 2501 δέ
895 2429 1119 2521 προστίθησιν
1140 2426 1159 2500 ὃ
1186 2423 1338 2516 Τρύφωνι

165 2537 215 2606 ότι
241 2534 261 2609 ό
286 2537 444 2626 ἐπίουρος
469 2535 514 2620 ὦς
543 2538 729 2621 ἐπίσκοπος
758 2536 796 2610 ού
824 2538 958 2620 πάντως
982 2537 1048 2622 ἔχει
1076 2535 1264 2625 ἐγκείμενον
1284 2534 1342 2603 τὸν

166 2640 266 2733 ούρον
286 2647 344 2717 τὸν
363 2645 499 2737 φύλακα
521 2648 606 2716 κατὰ
624 2646 745 2738 ταύτην
762 2649 821 2740 τὴν
841 2643 1019 2717 ἀπόδοσιν
1040 2645 1073 2714 τί
1093 2646 1155 2733 γὰρ
1177 2638 1342 2712 κεκώλυκε

164 2755 259 2842 παρὰ
273 2752 312 2824 τὸ
328 2748 398 2840 ὁρῶ
411 2748 498 2823 εἶναι
513 2754 653 2843 ἐπίορον
667 2756 724 2825 καὶ
737 2753 898 2842 ἐπίουρον
918 2756 976 2823 τὸν
997 2754 1194 2839 ἐπιορώντα,
1216 2751 1342 2838 ἐψιλοῦ-

165 2868 249 2930 σθαι
269 2861 306 2929 δὲ
320 2863 380 2929 διὰ
392 2863 453 2954 τὴν
467 2862 646 2933 ίπένθεσιν
659 2870 720 2933 τοῦ
735 2892 770 2946 υ,·
793 2865 851 2933 καί
863 2860 958 2954 ἡμεῖς
972 2861 1009 2929 δέ
1023 2858 1342 2947 συγκατατιθέμεθα

164 2967 306 3050 τούτοις.
350 2965 414 3038 εἶσί
440 2969 477 3038 δὲ
506 2967 544 3038 οἳ
561 2967 768 3065 ἀνέστρεψαν
794 2971 855 3060 τὴν
877 2967 1058 3057 πρόθεσιν,
1085 2964 1197 3059 Κρήτη
1219 2963 1286 3034 ἔπι.
1322 2962 1341 3033 ό

165 3076 201 3145 δὲ
217 3073 467 3169 Ἀσκαλωνίτης
487 3078 668 3167 παρέλκειν
687 3075 816 3171 ἡγεῖται
836 3079 896 3170 τὴν
918 3077 990 3158 ἐπί,
1015 3076 1070 3144 διὸ
1093 3073 1150 3143 καί
1165 3074 1224 3144 τὸν
1244 3070 1342 3142 τόνον
1353 3080 1425 3150 (115)

164 3183 333 3272 φυλάσσει
346 3191 405 3276 τῆς
418 3184 626 3272 προθέσεως,
650 3183 777 3272 ὁμοίως
796 3192 844 3275 τῷ
865 3191 982 3272 ,βοῶν
997 3180 1221 3269 ἐπιβουκόλος
1241 3178 1344 3273 ἀνὴρ(

164 3302 195 3380 (γ
215 3300 305 3379 422).

247 3404 349 3490 Apud
370 3404 569 3490 Hesychinm
590 3406 680 3489 (nem
701 3404 869 3491 Apollonii
890 3404 972 3485 loco,
994 3405 1080 3471 unde
1104 3427 1142 3469 ee
1164 3406 1248 3483 sunl,
1271 3424 1342 3467 eor·

166 3512 355 3599 ruptissimo
391 3535 522 3598 prorsus
550 3513 598 3579 uti
630 3534 696 3578 non
722 3513 808 3596 lieet)
835 3512 916 3578 heee
944 3514 983 3579 de
1015 3515 1148 3579 accentu
1172 3512 1342 3599 legunlur:

166 3615 343 3705 ἐπίουροςι
363 3612 394 3684 εί
407 3616 468 3702 μέν
488 3615 819 3706 προπεριοπωμένως
839 3619 981 3709 περισσὴ
1003 3615 1022 3704 ἡ
1043 3613 1222 3705 πρόθεσις·
1246 3608 1344 3703 οὖρος

167 3724 226 3814 γὰρ
252 3718 410 3814 ύφύλαξ.
447 3720 478 3792 εί
499 3724 536 3793 δέ
556 3722 857 3814 προπαροξυτόνως
878 3726 981 3794 πάλιν
1002 3722 1021 3793 ὁ
1044 3724 1161 3814 φύλαξ.
1198 3718 1267 3791 ἀπὸ
1290 3726 1341 3805 ξυ-

167 3829 261 3901 λίνου
284 3830 455 3916 ἐπιούρου.
498 3835 572 3924 Ego
594 3859 660 3903 non
681 3835 845 3924 intellige,
867 3838 894 3903 si
915 3837 1130 3915 Aristarchus,
1150 3840 1188 3900 nt
1208 3835 1341 3912 videtur,

167 3938 328 4025 ἐπιουρος
341 3966 381 4009 ex
396 3933 494 4028 ούρος
511 3945 631 4010 lactum
648 3945 785 4029 putebal
802 3946 913 4012 eadem
935 3943 1179 4031 significatione,
1198 3965 1255 4009 eur
1275 3964 1342 4008 non

167 4052 332 4138 seripsen't
361 4045 527 4132 ἐπιοῦρος.
572 4052 667 4130 Quod
686 4075 753 4118 non
778 4052 867 4133 feeit,
893 4057 1051 4138 qnantum
1077 4074 1115 4118 ex
1136 4051 1341 4116 Herodianeo

168 4160 289 4227 scholio
310 4159 453 4246 intelligi
473 4159 558 4226 licet.
601 4158 688 4226 Nam
713 4159 851 4226 valuisse
877 4165 986 4227 temen
1007 4164 1101 4246 pules
1122 4157 1280 4245 regulam,
1306 4160 1407 4225 iulos

168 4289 264 4352 quem
286 4288 365 4333 mox
391 4266 536 4352 proxima
561 4272 672 4334 nostra
698 4266 812 4355 legens
838 4269 966 4354 saepius
995 4267 1132 4344 incides,
1163 4268 1341 4351 composita

167 4376 297 4444 nomina
318 4397 394 4443 etun
409 4376 656 4461 praepositione,
670 4375 727 4442 ubi
741 4374 823 4441 nihil
837 4397 939 4442 novae
954 4375 1200 4463 significationis
1212 4376 1342 4454 accedit,
1460 4436 1463 4441 ⁴
