3425 4934
361 310 420 373 176
539 305 590 361 Ill.
611 303 653 359 De
671 303 825 359 Aristarchi
841 304 959 361 scientia
975 304 1153 375 antiquitatis
1169 302 1341 360 Homericae.

823 475 1067 561 Agamemno.

438 621 519 688 Eius
539 644 676 709 regnum
697 624 841 711 Mycenis
865 630 1007 704 estnon
1027 625 1138 710 Argia,
1159 628 1196 689 ut
1217 624 1302 709 apud
1322 621 1527 699 recentiores,

357 732 396 793 Λ
416 735 466 798 46.
502 728 690 817 Iphigeniae
712 732 843 798 caedem
864 733 1004 818 ignorat.
1040 735 1061 795 Ι
1083 739 1151 800 145.

828 935 1059 946 -——--——-

809 1067 905 1132 Aiax
925 1065 1076 1133 Locrus.

275 1219 347 1291 (¹80)
440 1213 525 1280 Oilei
538 1215 633 1292 filius,
652 1237 718 1281 non
732 1214 800 1296 Ilei,
821 1222 859 1282 ut
873 1219 959 1301 apud
974 1217 1148 1300 nonnullos
1165 1217 1369 1282 recentiores.
1399 1219 1442 1278 M
1456 1220 1525 1284 365.

357 1326 392 1385 Ν
411 1327 480 1390 203.
503 1329 572 1391 694.
613 1319 734 1390 Ξ442.
779 1325 888 1391 0333
918 1323 970 1406 (cf.
992 1325 1057 1390 sch.
1088 1324 1169 1390 Vet
1191 1323 1284 1392 Hust.
1311 1324 1342 1388 h.
1368 1321 1410 1404 1.).
1453 1322 1525 1388 Ηοο

357 1430 453 1495 etiam
479 1451 625 1497 manasse
655 1430 782 1496 ridetur
807 1452 846 1496 ex
874 1430 957 1495 male
977 1431 1144 1498 intellecto
1165 1431 1318 1500 Homero.
1358 1433 1389 1494 B
1409 1436 1470 1498 527
1489 1425 1522 1516 (ἡ

357 1534 518 1624 osuio)
499 1562 552 1604 οτι
565 1560 651 1616 τινες
670 1541 736 1603 τῶν
757 1534 923 1622 νεωτέρων
945 1530 1132 1623 ἀνέγνωσαν
1150 1536 1250 1624 χωρὶς
1269 1540 1373 1616 corio,
1396 1529 1442 1614 ὡς
1463 1530 1524 1666 ἅρ-

356 1639 485 1730 dccv
471 1639 584 1725 όντος,
614 1635 686 1711 εἶτα
712 1639 829 1732 Ἰλῆος.
867 1643 886 1712 ὁ
914 1641 952 1711 δὲ
971 1641 1119 1733 Ὅμηρος
1146 1644 1205 1712 σὺν
1232 1648 1279 1731 τῷ
1305 1668 1324 1711 ο
1351 1642 1500 1730 λέγει
1466 1669 1524 1712 τον

353 1746 497 1839 ὛΟὶλῆα
487 1754 539 1822 ¹.⁰⁹
575 1752 678 1834 Quou
699 1776 772 1820 cum
786 1754 948 1822 Hesiodus
963 1758 997 1821 et
1009 1754 1212 1824 Stesichorus
1227 1758 1362 1840 utraque
1377 1753 1526 1832 nominis,

355 1861 459 1928 forma
472 1884 523 1927 usr
514 1862 706 1941 essenti
669 1885 691 1927 u
691 1860 911 1928 tHustathius
930 1884 969 1927 ox
982 1862 1124 1948 antiquis
1138 1865 1275 1927 testatur
1290 1865 1320 1924 B
1335 1868 1393 1930 527
1410 1885 1441 1946 p
1456 1867 1517 1929 277

356 1970 529 2035 admodum
549 1968 720 2036 verisimile
742 1972 801 2036 est.
838 1961 969 2046 Οϊλεύς
994 1974 1027 2036 ct
1052 1970 1137 2055 apud
1159 1970 1337 2036 Homerum
1358 1968 1523 2034 nonnullis

356 2077 511 2162 exemplis
532 2077 745 2143 certissimum
762 2080 800 2164 ,et
820 2076 963 2163 vulgaris
984 2077 1088 2144 forma
1108 2077 1171 2145 fuit
1191 2077 1321 2162 (Atticis
1348 2068 1467 2153 Οἶλεύς
1487 2079 1525 2141 ut

357 2177 492 2268 οἶοτός);
518 2183 654 2250 formam
672 2177 772 2262 Ἰλεύς
793 2206 832 2249 ex
852 2183 996 2251 Homero
1017 2185 1194 2263 finxerunt,
1217 2185 1274 2250 ubi
1295 2184 1357 2254 sibi
1378 2176 1397 2249 ὃ
1417 2174 1525 2270 Ἰλῆος

354 2289 453 2372 ταχὺς
472 2283 545 2370 υἱός
565 2297 599 2358 et
617 2292 736 2358 similia
756 2293 867 2358 audire
893 2292 1092 2359 videbantur.
1128 2293 1221 2359 Hanc
1242 2293 1435 2358 sententiam
1449 2292 1524 2358 Ari·

291 2412 340 2465 178
358 2399 478 2466 starchi
504 2399 619 2465 vellem
639 2405 750 2466 notam
776 2400 945 2467 habuisset
965 2400 1183 2481 Hermannus‚
1213 2423 1285 2467 cum
1312 2401 1465 2468 scriberet
1485 2401 1523 2466 de

357 2530 416 2574 cm.
438 2511 496 2574 rat.
518 2527 564 2591 gr.
586 2530 618 2591 p.
639 2516 689 2577 41.
714 2515 767 2589 42,
789 2513 827 2574 ut
846 2509 906 2574 riri
928 2508 1128 2576 subtilissimi
1150 2509 1303 2575 iudicium
1324 2508 1524 2574 haberemus.

756 2842 855 2908 Aiax
877 2842 1124 2909 Telamonius

335 2992 442 3077 ·apud
462 2991 640 3059 Homerum
666 3015 732 3058 non
759 2992 894 3080 fingitur
919 2993 1162 3061 invulnerabilis
1183 2990 1215 3064 Ξ
1234 3000 1304 3064 406.
1337 2995 1371 3057 Ψ
1390 2999 1451 3063 822
1472 2992 1524 3076 (ci
1596 2981 1601 2990 ⁰

354 3099 445 3166 ausc.
468 3107 537 3182 aas,
560 3104 598 3183 ι).

800 3361 1075 3428 Andromache.

436 3514 467 3575 Z
485 3520 547 3582 457
567 3509 690 3578 Hector
717 3510 758 3577 ad
778 3511 1039 3578 Andromachen:
1069 3506 1129 3576 κατ’
1154 3532 1209 3576 κεν
1230 3503 1265 3576 ἐν
1286 3501 1404 3596 ’Ἀργει
1423 3508 1525 3577 ἐοῦσα

353 3615 440 3703 πρὸς
459 3611 563 3706 ἄλλης
582 3613 673 3685 ἱστὸν
698 3613 856 3705 ὑφαίνοις
876 3614 944 3684 κατ’
969 3642 1035 3684 κεν
1056 3614 1160 3705 ὕδωρ
1184 3614 1350 3708 φορέοις
1371 3617 1525 3706 Μεσσηΐ-

354 3725 413 3803 δος
425 3719 450 3814 ἢ
459 3721 634 3815 Ὑπερείης
646 3720 746 3793 πόλλ’
762 3719 986 3814 ἄεκαζομένηι
1007 3722 1040 3814 (ἡ
1057 3726 1177 3814 διπλῆ)
1198 3723 1251 3793 ὅτι
1264 3724 1350 3791 κατὰ
1364 3724 1401 3794 τὸ
1420 3746 1526 3812 προσ-

351 3831 448 3915 τυχὸν
471 3830 575 3914 οῧτως
595 3828 750 3914 εἰπόντος
759 3829 908 3923 Ὁμήρου
931 3829 964 3899 οἱ
984 3831 1139 3920 νεώτεροι
1158 3838 1207 3921 τῷ
1229 3828 1301 3901 ὄντι
1321 3828 1527 3924 ὑδροφοροῦ-

420 4041 456 4082 ¹⁰⁹
478 4038 568 4095 Treta.
591 4055 633 4095 ex.
654 4037 686 4093 Il.
704 4056 733 4108 p.
756 4044 772 4092 4
797 4035 873 4092 inter
895 4035 1065 4108 interpretes
1081 4036 1208 4103 Homeri,
1235 4037 1344 4107 inquit,
1367 4036 1423 4094 fuit
1440 4035 1526 4093 etiam

353 4117 553 4188 Ποσειδώνιος
571 4112 587 4177 ὁ
606 4111 832 4191 Ἀπολλωνιάτης
849 4121 866 4178 ὁ
886 4125 927 4194 τῷ
942 4114 1070 4194 Ἡσιόδῳ
1091 4121 1205 4192 μέμψιν
1224 4117 1345 4193 ἐπάγων
1367 4112 1410 4188 ὥς
1433 4139 1526 4193 παροι-

352 4209 512 4279 pietatm!
522 4225 604 4272 τινας
614 4212 675 4263 τῶν
687 4207 811 4278 Ὁμήρου
822 4205 942 4272 λέξεων,
960 4198 1014 4261 τὸν
1025 4196 1116 4261 bueo
1132 4196 1203 4262 Ἰλέα
1216 4204 1332 4263 εἰπόντι
1344 4209 1395 4262 καὶ
1411 4199 1464 4263 τὸν
1480 4198 1526 4276 cs'p

353 4293 447 4360 ονμον
463 4281 573 4362 ’ἥδυμον
588 4294 640 4349 καλ
656 4285 729 4348 ἄλλα
746 4284 819 4347 ἄττα
836 4291 967 4346 τοιαῦτα.
998 4288 1039 4345 ef.
1057 4290 1178 4345 eundem
1195 4309 1224 4361 p.
1244 4296 1299 4348 126.
1328 4290 1402 4362 (Ipse
1414 4289 1526 4346 Tuan

352 4374 442 4430 forma
458 4369 544 4441 ’Ῑλεύς
561 4394 625 4431 usus
637 4379 692 4433 est:
710 4394 737 4432 v.
754 4374 849 4431 Werra
867 4375 905 4430 ad
921 4373 1026 4445 tryph
1043 4393 1069 4430 v.
1091 4378 1159 4444 165.)
