3425 4934
528 329 551 378 2.
575 323 616 380 De
634 322 829 380 constituenda
845 324 973 383 lectione
1275 333 1335 397 345

167 491 328 579 tiquitatis
344 490 421 558 dicit
437 514 548 559 verum
566 515 635 559 esse
655 493 745 560 nullo
766 495 862 559 modo
884 494 963 559 mihi
984 516 1116 580 possum
1138 495 1336 580 persuadere.

167 600 299 668 Invenio
322 599 407 666 enim
428 601 513 688 apud
532 601 768 668 Alexandrinos
788 602 941 688 ipsosque
963 602 1112 667 meliores
1133 601 1338 685 Byzantinos,

168 708 299 775 invenio
321 708 407 793 apud
428 707 568 775 Graecos
588 708 817 795 Romanosque
838 710 1066 796 grammaticos
1088 731 1248 775 summum
1269 713 1338 775 stu·

169 817 256 883 dium
277 816 424 882 codicum
446 839 523 883 mss.
565 815 638 883 Hoc
664 817 751 883 nube
773 815 993 902 exemplorum
1013 815 1168 903 probabo.
1206 814 1338 882 Initium

168 925 292 1011 capiam
319 946 339 989 a
363 922 499 1003 Lntinis,
526 924 581 1010 qui
610 946 683 990 cum
713 928 814 991 artem
840 925 881 991 ab
909 925 1037 992 Graecis
1065 924 1249 1001 didicerint,
1279 947 1338 1009 pro

166 1032 231 1100 illis
253 1030 349 1098 simul
370 1034 470 1097 testes
498 1032 590 1097 citari
610 1036 761 1117 possunt;
795 1033 869 1098 dein
892 1032 1013 1099 Graeca
1038 1032 1163 1098 addam.
1204 1031 1257 1099 Sic
1277 1032 1338 1098 Ia·

168 1140 255 1206 tinos
273 1139 454 1205 invenimus
475 1160 601 1206 summo
624 1140 732 1207 studio
753 1140 933 1226 providisse
954 1144 992 1206 ut
1006 1139 1179 1219 Ciceronis,
1200 1138 1340 1226 Virgilii,

168 1247 305 1315 aliorum
331 1246 525 1332 exemplaria
550 1247 774 1333 antiquissima
802 1250 835 1313 et
860 1248 889 1314 si
914 1248 984 1315 fieri
1005 1251 1117 1334 posset
1137 1247 1340 1333 autographa

170 1355 395 1441 conquirerent
416 1358 449 1421 et
470 1357 520 1438 (ut
540 1355 704 1443 intelligas
724 1377 791 1422 non
812 1377 912 1421 vanae
930 1355 1074 1421 luxuriae
1095 1356 1145 1423 vel
1165 1356 1338 1422 iactantiae

169 1485 266 1529 causa
285 1462 406 1529 factum
426 1464 508 1546 esse)
537 1464 577 1529 ad
605 1486 657 1530 res
683 1464 910 1551 grammaticas
932 1462 1145 1530 enucleandas
1167 1462 1340 1547 diligenter

169 1571 364 1639 adhibuisse.
401 1570 500 1639 Cicer.
517 1593 563 1637 cr.
579 1577 619 1641 48
634 1572 670 1659 <ξ
688 1571 762 1657 160>
783 1570 940 1652 „Burrum
961 1593 1088 1656 semper
1100 1569 1237 1655 Ennius,
1259 1592 1338 1636 nun-

170 1701 266 1766 quam
287 1679 454 1766 Pyrrhum.
490 1678 534 1745 Vi
552 1677 774 1764 patefecerunt
793 1678 929 1766 Bruges,
951 1701 1018 1746 non
1035 1677 1195 1765 Phryges:
1214 1677 1338 1763 ipsius

169 1787 320 1873 antiqui
347 1786 548 1853 declarant
576 1785 693 1853 libri“.
735 1785 871 1866 Quintil.
892 1783 907 1851 I
930 1793 949 1852 7
975 1786 1010 1871 <5
1032 1786 1088 1869 20>
1116 1808 1147 1871 p.
1168 1790 1206 1854 89
1227 1780 1421 1852 Burm.(³⁶⁷)

169 1894 273 1975 „Quid
295 1895 381 1980 quod
396 1894 558 1961 Ciceronis
579 1894 779 1979 temporibus
800 1894 997 1979 paulumque
1017 1891 1102 1958 infra
1121 1892 1188 1958 fere
1210 1892 1338 1977 quoties

169 2027 185 2069 s
212 2003 321 2069 littera
349 2003 455 2069 media
481 2002 638 2069 vocalium
669 2002 839 2088 longarum
867 2000 919 2066 vel
947 2000 1093 2066 subiecta
1117 1998 1226 2087 longis
1255 2004 1339 2066 esset

169 2112 414 2198 geminabatur?
434 2116 472 2176 ut
485 2132 624 2192 caussae,
642 2132 760 2191 cassus,
782 2109 982 2191 dirissimos,
1002 2109 1164 2193 quomodo
1185 2111 1217 2174 et
1230 2108 1336 2193 ipsum
1354 2112 1402 2165 ³5¹

170 2219 381 2302 (Ciceronem)
397 2221 430 2283 et
443 2218 618 2305 Virgilium
633 2240 762 2304 quoque
777 2218 943 2303 scripsisse
964 2238 1099 2283 manus
1121 2238 1251 2283 eorum
1274 2216 1338 2281 do·

170 2330 281 2393 eent‘.
315 2324 360 2392 Id
374 2327 419 2393 ib.
434 2326 470 2411 <9
485 2326 541 2411 22>
563 2348 593 2411 p.
606 2331 647 2394 90
668 2330 719 2406 „at
739 2330 884 2392 veterum
906 2325 1101 2390 comicorum
1122 2325 1226 2390 adhuc
1247 2322 1338 2389 libris

170 2434 299 2500 invenio
327 2433 398 2507 heri
423 2434 464 2499 ad
490 2455 542 2499 me
572 2433 676 2499 venit‘
701 2437 755 2518 (se.
778 2456 844 2499 non
864 2432 965 2516 here).
1005 2431 1088 2499 Item
1109 2431 1250 2519 Augusti
1271 2430 1339 2517 epi-

171 2539 263 2606 stolis
291 2562 389 2625 „quas
415 2561 474 2606 sua
497 2562 594 2606 manu
620 2541 750 2627 scripsit
777 2546 834 2608 aut
860 2540 1058 2607 emendavit‘
1085 2542 1119 2605 et
1145 2541 1179 2604 in
1208 2539 1339 2606 Catonis

171 2647 380 2733 autographis
401 2647 516 2715 nititur
537 2648 671 2731 (ib.)²⁴⁰.
693 2684 737 2697 -
756 2647 836 2715 dell.
861 2646 876 2714 I
899 2656 917 2716 7
939 2646 992 2730 „ln
1015 2648 1160 2714 oratione
1176 2646 1339 2714 Ciceronis

171 2757 285 2841 quinta
306 2757 341 2821 in
360 2754 494 2822 Verrem
514 2755 549 2820 in
569 2755 652 2822 libro
674 2759 837 2844 spectatae
858 2755 934 2822 fidei
948 2755 1124 2823 Tironiana
1145 2776 1221 2820 eura
1242 2756 1339 2837 atque

172 2863 340 2949 disciplina
365 2860 452 2930 facto
478 2863 632 2950 scriptum
657 2864 748 2931 nite.
785 2862 863 2930 XIII
884 2869 925 2932 20
953 2864 1007 2949 <21
1031 2865 1050 2949 ἐ
1076 2863 1128 2947 16)
1149 2861 1339 2941 „Manifesto

170 2976 312 3057 peccatu,
333 2993 399 3037 non
413 2975 560 3057 peccato;
580 2972 642 3038 hoc
664 2973 750 3039 enim
771 2971 928 3057 scriptum
945 2971 979 3037 in
994 2992 1059 3036 uno
1078 2974 1176 3055 atque
1190 2970 1223 3034 iu
1239 2967 1340 3034 altero

170 3079 413 3166 antiquissimae
428 3080 502 3146 fidei
523 3080 606 3146 libro
622 3079 798 3146 Tironiano
818 3080 973 3165 repperi‘.
1007 3076 1076 3146 121
1099 3077 1238 3161 „Versus
1259 3077 1340 3142 istos

172 3209 211 3252 cx
232 3187 399 3274 Georgicis
421 3187 551 3275 Virgilii
572 3187 718 3273 plerique
740 3209 853 3254 omnes
874 3187 921 3252 sic
941 3185 1057 3273 legunt

358 3295 404 3359 At
423 3315 519 3380 sapor
538 3294 692 3361 iudicium
713 3295 811 3361 ficiet
831 3294 1022 3361 manifestus
1044 3296 1077 3359 et
1098 3315 1156 3359 ora

358 3400 477 3468 Tristia
497 3405 683 3468 tentantem
701 3425 799 3470 sensu
819 3403 985 3488 torquebit
1006 3423 1124 3467 amaro.

170 3510 320 3596 Hyginus
334 3514 451 3589 autem,
473 3532 539 3576 non
560 3510 668 3578 hercle
689 3511 843 3599 ignobilis
865 3509 1102 3598 grammaticus,
1123 3509 1157 3573 in
1180 3530 1340 3575 commen·

171 3617 269 3700 trariis,
291 3640 372 3703 quae
394 3618 427 3683 in
444 3618 618 3705 Virgilium
638 3618 723 3697 fecit,
746 3617 915 3685 confirmat
934 3620 968 3685 et
988 3620 1171 3703 perseverat
1191 3638 1258 3682 non
1278 3615 1342 3681 hoc

170 3723 343 3811 aVirgilio
364 3727 521 3803 relictum,
543 3726 600 3792 sed
622 3726 709 3811 quod
730 3726 800 3812 ipse
822 3726 982 3792 invenerit
1000 3726 1035 3790 in
1055 3724 1149 3802 libro,
1167 3724 1223 3808 qui
1244 3723 1343 3789 fuerit

171 3856 209 3900 ex
232 3834 327 3900 domo
349 3838 446 3920 atque
467 3833 590 3899 familia
605 3833 742 3920 Virgilii
757 3871 797 3881 -
812 3839 965 3905 amarod‘.
1000 3832 1032 3899 Π
1047 3838 1065 3901 3
1088 3831 1170 3913 „Sed
1189 3831 1343 3917 quoniam

170 3941 267 4007 aheni
296 3962 425 4025 quoque
447 3942 593 4029 exemplo
619 3942 818 4018 minumus,
848 3941 939 4007 venit
963 3941 1059 4008 nobis
1085 3941 1119 4005 in
1147 3940 1343 4019 memoriam,

169 4048 287 4115 Fidum
302 4050 465 4135 Optatam,
486 4049 582 4116 multi
596 4048 737 4116 nominis
751 4047 874 4115 Romae
892 4048 1146 4135 grammaticum,
1164 4047 1343 4113 ostendisse

235 4218 276 4260 2⁴⁹
295 4216 335 4272 Cf.
352 4215 423 4272 Plin.
441 4214 505 4271 hist
523 4219 580 4274 nat
598 4214 667 4270 XIH
685 4219 730 4278 26;
748 4217 898 4286 postquam
916 4212 1145 4271 commemoravit
1156 4212 1261 4268 'liberii
1272 4211 1342 4268 Caii·

169 4318 224 4371 que
245 4300 434 4358 ffiaccborum
461 4316 560 4356 manus
581 4317 610 4356 se
632 4298 733 4356 vidisse
755 4298 846 4355 aunt:
879 4299 953 4368 „iam
975 4314 1041 4354 vero
1064 4297 1204 4354 Ciceronis
1226 4299 1255 4354 et
1277 4296 1341 4351 Divi

168 4386 289 4458 Augusti
309 4384 473 4458 virgiliique
488 4402 689 4458 saepenumero
706 4383 858 4441 ridemus.“
