3425 4934
645 346 667 397 1.
689 338 731 396 De
748 337 920 396 6666661666.
1306 343 1366 407 283

198 510 293 590 Quod
313 530 353 575 ex
373 507 424 574 bis
445 512 480 574 et
499 507 657 574 similibus
678 509 864 576 Herodiano
886 507 1125 574 diiudicandum
1140 508 1211 587 fuit„
1232 528 1299 573 non
1319 507 1450 579 166698)

197 619 340 685 6616616.
379 608 549 699 Φρόντιδι,
570 615 679 700 inquit
699 616 752 697 (sd
772 616 802 684 b.
823 615 873 700 l),
895 607 1085 693 ὡςἪλιόι.
1111 610 1217 691 οὕτως
1241 619 1367 698 Τυραν·
1440 654 1444 665 ·

198 722 290 803 τίων,
317 722 373 789 καὶ
394 710 540 809 &deludo
568 720 588 808 ἡ
610 715 809 805 παράδοσις.
850 716 870 788 ό
891 717 1007 805 μέντοι
1032 718 1141 786 κανὼν
1162 715 1309 803 όξντονεῖ
1328 719 1367 787 τὸ

199 826 344 922 φροντίς,
368 836 438 898 tum
455 852 612 898 cononem
633 852 727 898 suum
744 832 845 917 ponit,
868 830 941 898 dein
961 831 1042 897 6666
1062 830 1164 897 addit:
1185 825 1289 906 οὕτως
1310 819 1367 895 τόν

199 938 255 1007 καὶ
285 935 435 1030 φροντίς,
465 932 496 1003 εἰ
522 935 571 1025 μὴ
597 931 672 1020 ἄρα
699 935 787 1004 ἐπεὶ
810 932 949 1022 κόριον
971 940 1084 1006 τοῦτο
1109 934 1176 1004 καὶ
1202 942 1369 1021 βαρυτο-

199 1041 429 1136 νηθήσεται.
473 1045 556 1113 Item
580 1046 644 1114 ulii.
686 1042 1369 1133 366611)666.1.τὴνπαρατέιειιον

199 1152 366 1242 συλλαβὴν
386 1154 439 1221 δεῖ
458 1146 634 1234 ὀξυτονεῖν,
657 1147 696 1218 ἵν’
719 1144 739 1243 ᾗ
761 1146 876 1238 κόριον
898 1146 1056 1240 θηλυκόν.
1091 1153 1174 1221 Item
1191 1154 1283 1221 Eust.
1306 1154 1326 1219 l.
1346 1154 1368 1220 l.

198 1287 231 1350 p.
256 1269 347 1343 1033,
368 1268 422 1341 60,
446 1263 504 1328 661
533 1284 572 1329 ex
592 1262 778 1329 Herodiano
803 1262 925 1338 hausit,
952 1268 1088 1342 907,10
1115 1285 1154 1327 ex
1175 1260 1367 1347 Philopono.

198 1370 281 1438 Item
301 1392 419 1436 nomen
440 1370 531 1436 virile
552 1363 702 1455 Φρόντις,
727 1369 816 1455 quod
836 1374 887 1435 666
904 1390 923 1453 y
943 1375 1013 1449 282,
1033 1369 1116 1435 mele
1138 1393 1208 1435 eam
1230 1369 1273 1435 66
1292 1380 1433 1435 ceu-281

200 1479 345 1545 namhoc
365 1483 498 1544 6666666
516 1481 665 1544 notatum
684 1478 796 1544 dieunt
815 1481 853 1543 66
873 1477 1091 1562 distinguatur
1111 1478 1152 1542 66
1174 1476 1369 1563 appellativo

200 1579 336 1675 φροντίς
356 1589 396 1668 (v.
416 1586 509 1653 Eust.
531 1588 615 1669 9073:
643 1586 700 1652 sed
722 1586 776 1671 qui
798 1589 928 1671 poterat
948 1584 1054 1667 eliber,
1075 1606 1149 1650 eum
1170 1585 1204 1649 in
1226 1584 1371 1651 ordinem

200 1694 381 1782 cogendum
396 1695 439 1759 sit
458 1693 633 1760 multorum
655 1693 825 1760 nominum
845 1692 985 1758 virilium
999 1692 1033 1757 in
1056 1714 1087 1769 ις
1108 1693 1293 1759 exeuntium
1307 1694 1372 1758 ¹⁰⁹?

201 1801 300 1880 Quasi
318 1802 405 1868 dicus
417 1793 532 1884 ’Ἰσχνς,

449 1986 452 1991 ,
550 1894 553 1899 ’
629 1898 667 1986 dg
688 1911 772 1996 γῆμε
793 1902 947 1993 Κόρωνιν

202 2018 321 2103 (hymn.
343 2017 404 2104 Ap.
425 2023 496 2089 210.
530 2015 621 2082 Pind.
644 2015 738 2102 Pyth.
759 2014 807 2082 III
827 2022 877 2083 25.
903 2023 954 2085 56.
992 2016 1085 2084 Ρ666.
1112 2016 1218 2097 1166,
1245 2022 1273 2084 6.
1292 2014 1371 2082 VIII

204 2133 238 2205 4,
258 2125 344 2208 4²⁰⁰)
371 2125 459 2190 hune
487 2125 590 2211 igitur
614 2123 676 2190 hoo
706 2129 841 2191 6666666
865 2125 984 2203 notari,
1014 2127 1052 2189 ut
1084 2125 1302 2210 distinguetur
1329 2125 1370 2190 66

200 2224 290 2311 ἰσχύς
304 2231 406 2314 (Eust.
421 2254 451 2317 p.
469 2238 570 2315 1367).
606 2231 670 2298 Sed
684 2254 751 2298 non
765 2233 850 2300 idem
870 2230 1063 2299 vocabulum
1080 2235 1138 2314 666,
1158 2233 1224 2297 imo
1240 2231 1371 2297 sverbo
1387 2240 1390 2245 ’

201 2331 301 2418 ἰσχύω
319 2339 496 2405 derivatum
517 2339 693 2424 proprium,
715 2339 767 2405 oui
789 2362 863 2406 oum
884 2341 941 2407 illo
961 2341 1062 2408 subet.
1084 2340 1158 2406 lem.
1180 2338 1269 2405 nulls
1288 2339 1370 2404 ratio

202 2449 259 2512 est.
300 2444 471 2511 Valentem
491 2446 578 2511 huno
596 2445 712 2513 Latine
735 2448 815 2514 dixit
836 2447 949 2515 Cicero
969 2446 1046 2515 Nat.
1067 2448 1106 2514 D.
1128 2445 1175 2513 111
1196 2454 1247 2516 22.

283 2551 349 2620 Sed
361 2553 396 2618 in
413 2552 474 2618 huo
494 2575 529 2620 re
550 2554 636 2621 oseoi
656 2555 790 2622 fuerunt
802 2561 927 2623 veteres
946 2556 1028 2622 nihil
1050 2556 1112 2621 nisi
1135 2560 1284 2621 externae
1305 2553 1371 2620 for·

202 2682 273 2726 mae
301 2659 512 2727 inhaerentes.
563 2660 616 2728 Sio
648 2662 689 2727 od
720 2662 855 2729 eandem
888 2686 1033 2730 nomem
1065 2663 1227 2747 explicant
1252 2664 1453 2733 6666661299)

201 2768 292 2835 urbis
308 2760 405 2854 Ῥίνιη
428 2766 476 2848 (ll.
499 2771 528 2831 Β
549 2771 631 2853 006),
653 2791 695 2836 so
716 2773 754 2836 ut
775 2771 993 2857 distinguatur
1013 2772 1055 2837 66
1076 2762 1160 2856 demi
1183 2769 1287 2854 (Eust.
1302 2775 1373 2847 906,

202 2878 262 2959 to),
285 2897 358 2941 cum
380 2879 487 2942 lamen
509 2875 586 2941 urbs
605 2877 700 2961 plene
721 2876 763 2942 ob
784 2877 848 2944 ulio
867 2879 972 2945 radice
995 2879 1156 2959 dictauit,
1183 2899 1226 2943 so.
1248 2876 1290 2942 66
1308 2871 1373 2961 diu}

201 2983 325 3051 iuncus.
361 2982 407 3050 Ut
426 2985 467 3049 sd
487 2984 678 3050 feminarum
695 2986 828 3052 nomine
848 2986 985 3065 redeam,
1007 2985 1155 3070 Dionysii
1174 2986 1240 3051 filiu
1256 2975 1372 3069 Ἀρέτη

202 3091 353 3157 scribitur
377 3090 461 3157 Plut.
488 3090 603 3157 Timol.
626 3096 681 3173 33,
705 3085 823 3179 Ἀρετή
844 3093 909 3159 Dio
927 3100 976 3163 58.
1021 3093 1152 3159 ldemne
1179 3114 1298 3160 nomen
1323 3094 1374 3157 est

201 3221 274 3265 oum
302 3191 403 3286 ἀρετή
409 3202 425 3265 l’
452 3197 568 3265 Potest
593 3222 676 3279 esse3
702 3202 759 3267 sed
783 3205 893 3287 potest
918 3203 998 3268 item
1024 3223 1093 3268 esse
1121 3202 1195 3267 fem.
1223 3202 1292 3266 eius
1314 3222 1373 3266 66·

201 3307 312 3387 minis,
329 3307 424 3392 quod
445 3311 495 3373 666
511 3299 648 3393 Ἀρέτης
669 3310 752 3392 (-ας)
774 3314 807 3375 66
824 3301 958 3392 ’Ἀρετις
977 3310 1127 3393 (Atrion.)
1149 3313 1183 3375 et
1200 3301 1374 3390 Ἀρπόων.

202 3417 354 3481 Attamen
375 3416 480 3500 ipsam
501 3412 665 3481 Virtutem
684 3415 859 3502 significari
880 3418 1020 3485 voluisse
1034 3418 1227 3503 Dionysium
1245 3416 1374 3482 Plutar-

270 3651 308 3693 ¹⁹⁹
323 3650 363 3706 Ut
382 3639 510 3720 Φρόντις
526 3665 629 3704 nomon
645 3648 780 3705 muliebre
797 3654 828 3707 66
843 3651 925 3707 virile
942 3654 992 3719 666,
1007 3652 1160 3715 616Φ1ντις
1177 3668 1260 3706 meso.
1279 3649 1373 3719 (Pind.

203 3733 245 3790 Ol
256 3733 295 3789 VI
307 3737 359 3803 22),
377 3737 407 3790 66
423 3735 526 3798 dileco
541 3733 607 3793 fem
624 3733 733 3803 (lumbi
744 3752 771 3789 ν.
785 3735 815 3792 Ρ.
827 3739 896 3803 631).
926 3730 1039 3806 Μύρτις
1049 3736 1113 3790 lem.
1131 3736 1180 3791 sed
1197 3735 1273 3791 idom
1289 3752 1373 3790 maso.

204 3817 312 3887 (Polyb.
330 3819 408 3874 XVII
427 3824 465 3876 11.
494 3818 627 3891 Hurpoer.
641 3837 662 3873 6.
675 3819 721 3889 6.).
747 3812 776 3876 Ὀ
793 3820 886 3888 Μῆτις
905 3820 1096 3891 Orphieomm.
1123 3820 1161 3875 Et
1177 3824 1210 3876 ut
1227 3820 1309 3876 huius
1325 3821 1373 3875 sd·

204 3918 346 3957 moneam.
370 3902 446 3973 quod
468 3904 559 3959 formu
580 3904 616 3958 66
638 3902 696 3961 illis
719 3902 803 3974 paulo
825 3896 936 3973 long'ius
954 3905 1047 3971 66666,
1065 3896 1214 3973 Ἀπόληξις
1231 3905 1320 3977 (66166
1337 3904 1372 3958 do

204 3989 322 4042 6666666
344 3987 421 4043 hund
442 3987 526 4043 dubie
548 3990 624 4043 recte
646 3987 754 4043 iudicat
775 3987 886 4043 Bekker
909 3988 947 4042 sd
969 3988 1047 4046 Dem.
1069 3990 1185 4045 Mseart
1207 3994 1224 4059 §
1246 3994 1296 4055 18).
1331 3988 1373 4043 De

203 4087 287 4127 muso.
305 4073 415 4142 Κτῆσις
430 4074 505 4128 reete
528 4071 635 4128 iudioot
651 4072 858 4128 Schoemennus
875 4074 912 4128 sd
928 4074 1037 4129 Isaeum
1053 4072 1170 4129 Nicostr.
1187 4074 1246 4129 her.
1263 4077 1279 4145 §
1297 4080 1321 4129 3.
1339 4106 1374 4116 -

204 4155 286 4222 Quod
298 4149 426 4225 Φρόντις
440 4160 483 4214 oet
498 4156 573 4214 idem
585 4156 641 4213 slis
655 4156 777 4213 nominis
794 4157 885 4212 forms
898 4158 1024 4229 Φρονία,
1044 4161 1135 4215 meter
1146 4158 1270 4223 Iasionis,
1288 4160 1372 4215 schol.

204 4240 320 4299 Tbeoor.
337 4240 379 4296 ΙΙΙ
397 4246 437 4296 to.
467 4241 630 4312 Φροντὶόας
646 4242 745 4299 Iambl.
764 4246 822 4297 626.

270 4327 310 4370 ²⁰⁰
326 4325 361 4383 u
379 4324 397 4379 L
415 4323 502 4393 ldosq.
519 4327 620 4395 peeost
637 4318 750 4397 Ἰσχύος,
767 4328 799 4381 66
816 4326 893 4396 apud
905 4326 1106 4397 Apollodorum
1118 4328 1156 4382 111
1170 4333 1208 4394 10,
1227 4334 1250 4393 t,
1269 4327 1299 4383 in
1316 4346 1372 4397 qno

205 4409 297 4467 nullus
314 4426 387 4466 6666
403 4411 534 4464 66666666
552 4415 643 4465 certus
661 4412 710 4465 666.
