3425 4934
647 306 670 356 2.
697 299 892 370 Mythologica
1296 309 1351 372 181

609 468 927 554 Clytaemnestra.

266 619 338 688 Una
352 643 425 687 oum
439 621 599 707 Aegistho
621 619 755 698 interiit;
777 620 835 685 sed
855 643 905 700 au,
927 621 1010 686 sicut
1023 621 1209 708 Aegisthus,
1230 624 1263 687 et
1282 621 1353 706 ipss

183 731 225 795 ab
242 730 354 796 Oreste
368 728 537 795 interfecta
551 730 593 794 sit
607 751 668 796 sec.
683 728 870 808 Homerum,
884 729 1043 795 incertum
1058 733 1115 797 est
1138 728 1246 798 Schol.
1256 734 1352 813 7309.

671 1060 866 1147 Cyclopes.

266 1209 342 1276 Non
357 1211 496 1297 improbi
510 1212 678 1300 finguntur
687 1216 814 1298 praeter
827 1235 930 1279 unum
939 1212 1182 1301 Polyphemum.
1203 1214 1244 1283 V.
1252 1214 1354 1300 Apol-

183 1320 249 1385 lon.
277 1318 298 1383 l.
326 1318 367 1386 H.
394 1343 419 1384 s.
448 1312 641 1402 ἀθεμίστων
667 1323 710 1406 (p.
739 1324 802 1404 66).
850 1320 1000 1389 Eustath.
1025 1345 1056 1409 p.
1082 1327 1176 1403 1617,
1206 1329 1256 1392 28.
1293 1322 1352 1405 (cf.

182 1426 308 1493 Damm.
330 1450 355 1495 s.
378 1418 532 1519 Κύκλωψ
554 1432 587 1495 et
606 1450 703 1513 supra
723 1451 755 1513 p.
781 1434 838 1496 152
860 1426 1041 1513 θέμιστες.)

651 1601 881 1608 ..--.--..--

672 1761 866 1847 Dionysus

99 1997 103 2004 ⁸
184 1914 272 2000 apud
285 1913 464 1981 Homerum
479 1936 545 1979 non
559 1914 685 1980 videtur
698 1913 788 1980 Deus
803 1936 882 1982 esse.
916 1918 947 1977 Z
961 1921 1018 1984 131
1034 1910 1250 2002 σημειοῦνταί
1268 1938 1356 1993 τινες

185 2018 240 2087 ὅτι
260 2012 305 2098 ὦς
325 2017 404 2104 περὶ
424 2022 510 2086 θεοῦ
536 2023 596 2087 τοῦ
616 2015 783 2087 Διονύσου
808 2017 997 2108 διαλέγεται
1018 2025 1118 2109 (quod
1138 2024 1224 2090 idem
1246 2028 1296 2090 est
1316 2047 1354 2092 ac
1371 2029 1419 2082 183

185 2131 213 2198 si
229 2130 360 2197 dixisset
375 2124 428 2194 ὅτι
443 2123 599 2218 ἐμφαίνει
621 2123 667 2205 ὡς
687 2125 765 2211 περὶ
784 2131 873 2196 Decri
893 2133 953 2196 σού
967 2124 1144 2208 Διονύσου,
1168 2155 1197 2197 v.
1213 2132 1354 2216 Athene)

184 2238 218 2304 h.
234 2260 261 2303 e.
285 2259 357 2303 cum
378 2241 510 2323 propter
523 2237 703 2322 Dionysum
724 2236 882 2304 violatum
902 2242 994 2305 tanta
1014 2262 1119 2325 poena
1140 2239 1231 2305 aDis
1252 2240 1354 2305 maio·

184 2345 275 2412 ribus
295 2344 460 2431 Lycurgus
482 2344 640 2411 afficiatur
661 2345 809 2429 (fortasse
833 2346 931 2412 etiam
951 2351 1083 2433 propter
1104 2342 1245 2412 θύσθλα
1266 2368 1355 2414 com·

185 2456 362 2518 memorata
387 2456 420 2518 et
439 2457 573 2538 propter
591 2449 809 2534 μαινομένου,
839 2454 930 2520 cuius
955 2455 1126 2540 explicatio
1154 2455 1437 2540 morannum)

186 2582 226 2627 ex
246 2560 309 2625 hoc
329 2558 402 2625 loco
424 2559 525 2625 videri
550 2561 654 2646 possit
673 2560 784 2648 colligi
810 2584 919 2647 posse,
946 2563 1053 2628 Deum
1074 2586 1143 2630 esse
1164 2563 1354 2650 Dionysum.

186 2667 310 2746 Quodsi
322 2667 411 2734 Deus
427 2672 519 2747 esset,
539 2668 593 2732 vix
608 2668 820 2736 dubitandum
835 2671 915 2755 quin
932 2693 998 2736 uua
1011 2671 1077 2736 vini
1091 2671 1241 2737 inventor
1262 2676 1354 2739 esset.

184 2774 250 2843 Sed
270 2797 344 2841 cunr
364 2776 485 2861 ubique
506 2775 667 2842 Homerus
693 2778 760 2843 viui
781 2778 984 2863 frequentem
1004 2779 1204 2845 mentionem
1224 2779 1354 2858 iniiciat,

184 2888 294 2949 tamen
315 2882 459 2969 Dionyso
490 2906 651 2970 nusquam
676 2885 897 2952 inventionem
924 2885 1047 2952 tribuit.
1088 2885 1159 2952 Nec
1179 2887 1355 2968 Maronem,

184 2990 278 3056 illum
300 2989 366 3056 vini
395 2989 571 3056 dulcissimi
598 2993 799 3075 donatorem,
830 3014 948 3079 genere
970 2993 1115 3079 Dionyso
1137 2995 1355 3080 propinquum

184 3099 284 3163 fuisse
301 3097 386 3174 facit,
409 3098 493 3163 sicut
513 3097 590 3164 fecit
603 3099 774 3167 Hesiodus.
816 3099 922 3169 Schol
939 3124 952 3165 ι
969 3106 1028 3170 198
1050 3102 1150 3186 (quod
1171 3102 1355 3184 scribemus,

185 3210 223 3271 ut
247 3209 427 3272 correctum
454 3210 503 3272 est
528 3229 547 3272 a
573 3206 735 3274 hobeckio
761 3208 837 3296 Agl.
860 3232 891 3294 p.
913 3214 987 3294 287)
1013 3212 1117 3274 ταῦτα
1141 3205 1357 3296 σημειοῦνταί

185 3335 273 3390 τινες
286 3310 371 3397 πρὸς
390 3309 428 3379 τὸ
448 3312 495 3400 μὴ
518 3308 747 3399 παραδιδόναι
759 3312 909 3404 Ὅμηρον
921 3293 1085 3384 Διόνυσού
1107 3310 1200 3384 οἴνου
1222 3312 1356 3404 εὑρετὴν

186 3414 229 3487 δι’
246 3416 326 3507 ὅλης
338 3422 398 3507 τῆς
418 3415 588 3509 ποιήσεως
607 3416 699 3491 οἴνου
719 3418 976 3512 μνημονεύοντα.
1001 3420 1076 3513 ἡδὲ
1090 3418 1256 3504 ἆνεύσασις
1270 3424 1356 3511 πρὸς

133 3511 139 3523 ’
182 3524 344 3595 Ἡσίοδον
373 3525 510 3614 λέγοντα
534 3527 594 3597 τὸν
618 3525 773 3618 Μύρωνα
803 3526 1011 3612 Οἰνοπίωνος
1035 3536 1093 3599 τοῦ
1117 3529 1293 3601 Διονύσου.
1313 3572 1355 3584 -

185 3638 223 3706 ll.
241 3635 275 3708 Ξ
292 3643 361 3719 325,
382 3641 466 3705 sicut
486 3645 574 3708 totus
595 3640 648 3707 hio
668 3641 768 3721 locus,
791 3643 832 3708 ab
845 3642 1032 3709 Aristarcho
1054 3646 1088 3708 et
1108 3647 1203 3710 autea
1223 3644 1264 3710 ab
1281 3643 1355 3710 An·-

186 3748 344 3834 stephane
362 3749 500 3816 reiectus
521 3755 559 3816 ut
572 3750 709 3836 spurius.
729 3791 769 3802 -
789 3747 828 3816 In
845 3749 1025 3816 Aristarchi
1046 3751 1207 3817 sententia
1228 3773 1268 3816 ex
1288 3754 1354 3817 tarn

186 3857 291 3943 parvis
320 3855 466 3942 reliquiis
492 3857 689 3924 enucleanda
720 3858 922 3924 discessimus
952 3858 1120 3945 paululum
1145 3882 1164 3924 a
1192 3857 1354 3925 Lobeclrio

185 3964 259 4051 Agl.
280 3984 334 4050 pg.
355 3949 429 4044 2863
451 3970 519 4033 287.
562 3966 717 4032 Attamen
744 3987 903 4044 veremur,
931 3987 972 4032 ne
994 3966 1072 4051 quid
1098 3967 1127 4032 ei
1148 3966 1354 4033 tribuerimus

253 4201 292 4243 1¹⁰
314 4188 344 4269 (ἦ
365 4198 458 4268 διπλῆ)
484 4193 529 4253 ὅτι
556 4196 770 4271 (μαινομένοιο)
798 4191 863 4270 ἢτοι
888 4204 1074 4269 μανιονιοιοῦ,
1099 4202 1237 4272 βακχείας
1260 4216 1354 4271 παρα-

185 4286 392 4347 caecaverant.
420 4275 549 4355 ἢαύτοῦ
566 4283 748 4353 μαινομένου
770 4280 985 4342 evacuamus
1004 4278 1022 4355 ἦ
1043 4287 1212 4357 βανχιοτοῦ.
1247 4284 1353 4356 (Verba

184 4369 294 4432 inclusa
311 4367 414 4425 desum
429 4368 460 4426 in
477 4370 537 4426 cod.
555 4369 587 4436 A,
605 4387 662 4427 uon
680 4364 749 4439 dra>
