<?xml version="1.0" encoding="UTF-8"?>
<!DOCTYPE html PUBLIC "-//W3C//DTD XHTML 1.0 Transitional//EN"
    "http://www.w3.org/TR/xhtml1/DTD/xhtml1-transitional.dtd">
<html xmlns="http://www.w3.org/1999/xhtml" xml:lang="en" lang="en">
 <head>
  <title>
</title>
<meta http-equiv="Content-Type" content="text/html;charset=utf-8" />
  <meta name='ocr-system' content='tesseract 3.04.00' />
  <meta name='ocr-capabilities' content='ocr_page ocr_carea ocr_par ocr_line ocrx_word'/>
</head>
<body>
  <div class='ocr_page' id='page_1' title='image "./dearistarchistu00ludwgoog_0338.png"; bbox 0 0 3425 4934; ppageno 0'>
   <div class='ocr_carea' id='block_1_1' title="bbox 343 306 1067 379">
    <p class='ocr_par' dir='ltr' id='par_1_1' title="bbox 343 306 1067 379">
     <span class='ocr_line' id='line_1_1' title="bbox 343 306 1067 379; baseline 0.008 -21"><span class='ocrx_word' id='word_1_1' title='bbox 343 314 409 377; x_wconf 70' lang='lat' dir='ltr'><strong>31ss</strong></span> <span class='ocrx_word' id='word_1_2' title='bbox 795 306 847 362; x_wconf 81' lang='lat' dir='ltr'><strong>IV.</strong></span> <span class='ocrx_word' id='word_1_3' title='bbox 871 306 912 363; x_wconf 83' lang='lat' dir='ltr'><strong>Dc</strong></span> <span class='ocrx_word' id='word_1_4' title='bbox 928 308 1067 379; x_wconf 73' lang='lat' dir='ltr'>prosodia.</span> 
     </span>
    </p>
   </div>
   <div class='ocr_carea' id='block_1_2' title="bbox 350 473 1519 885">
    <p class='ocr_par' dir='ltr' id='par_1_2' title="bbox 350 473 1519 562">
     <span class='ocr_line' id='line_1_2' title="bbox 350 473 1519 562; baseline 0.001 -20"><span class='ocrx_word' id='word_1_5' title='bbox 350 476 419 542; x_wconf 82' lang='lat' dir='ltr'><strong>eins</strong></span> <span class='ocrx_word' id='word_1_6' title='bbox 440 478 537 541; x_wconf 84' lang='lat' dir='ltr'><strong>notae</strong></span> <span class='ocrx_word' id='word_1_7' title='bbox 562 474 597 540; x_wconf 89' lang='lat' dir='ltr'><strong>in</strong></span> <span class='ocrx_word' id='word_1_8' title='bbox 622 473 721 541; x_wconf 83' lang='lat' dir='ltr'><strong>schol.</strong></span> <span class='ocrx_word' id='word_1_9' title='bbox 747 473 869 541; x_wconf 88' lang='lat' dir='ltr'><strong>Phoen.</strong></span> <span class='ocrx_word' id='word_1_10' title='bbox 897 481 973 559; x_wconf 80' lang='lat'><strong>656,</strong></span> <span class='ocrx_word' id='word_1_11' title='bbox 1002 477 1059 542; x_wconf 89' lang='lat' dir='ltr'><strong>ubi</strong></span> <span class='ocrx_word' id='word_1_12' title='bbox 1084 476 1156 542; x_wconf 85' lang='lat' dir='ltr'><strong>Ald</strong></span> <span class='ocrx_word' id='word_1_13' title='bbox 1183 481 1216 543; x_wconf 89' lang='lat' dir='ltr'><strong>et</strong></span> <span class='ocrx_word' id='word_1_14' title='bbox 1239 476 1337 543; x_wconf 76' lang='lat' dir='ltr'><strong>Baoil.</strong></span> <span class='ocrx_word' id='word_1_15' title='bbox 1363 479 1519 562; x_wconf 75' lang='lat' dir='ltr'>praebent</span> 
     </span>
    </p>

    <p class='ocr_par' dir='ltr' id='par_1_3' title="bbox 350 574 1516 669">
     <span class='ocr_line' id='line_1_3' title="bbox 350 574 1516 669; baseline 0.005 -22"><span class='ocrx_word' id='word_1_16' title='bbox 350 575 509 666; x_wconf 77' lang='grc' dir='ltr'><em>Εὖβοίοις</em></span> <span class='ocrx_word' id='word_1_17' title='bbox 529 582 604 667; x_wconf 83' lang='lat' dir='ltr'><strong>&lt;pro</strong></span> <span class='ocrx_word' id='word_1_18' title='bbox 627 574 759 668; x_wconf 75' lang='grc' dir='ltr'><em>εὐίοις),</em></span> <span class='ocrx_word' id='word_1_19' title='bbox 789 587 822 648; x_wconf 90' lang='lat' dir='ltr'><strong>et</strong></span> <span class='ocrx_word' id='word_1_20' title='bbox 847 584 883 649; x_wconf 92' lang='lat' dir='ltr'><strong>in</strong></span> <span class='ocrx_word' id='word_1_21' title='bbox 909 583 1008 651; x_wconf 83' lang='lat' dir='ltr'><strong>schol.</strong></span> <span class='ocrx_word' id='word_1_22' title='bbox 1030 584 1085 650; x_wconf 89' lang='lat' dir='ltr'><strong>Ar.</strong></span> <span class='ocrx_word' id='word_1_23' title='bbox 1106 585 1162 650; x_wconf 86' lang='lat' dir='ltr'><strong>Av.</strong></span> <span class='ocrx_word' id='word_1_24' title='bbox 1185 591 1244 654; x_wconf 92' lang='grc'><strong>873</strong></span> <span class='ocrx_word' id='word_1_25' title='bbox 1271 576 1440 669; x_wconf 59' lang='lat' dir='ltr'><strong>(Etruros)</strong></span> <span class='ocrx_word' id='word_1_26' title='bbox 1466 587 1516 653; x_wconf 91' lang='lat' dir='ltr'><strong>in·</strong></span> 
     </span>
    </p>

    <p class='ocr_par' dir='ltr' id='par_1_4' title="bbox 351 688 1517 885">
     <span class='ocr_line' id='line_1_4' title="bbox 351 688 1437 778; baseline 0.004 -21"><span class='ocrx_word' id='word_1_27' title='bbox 351 691 481 778; x_wconf 85' lang='lat' dir='ltr'><strong>dagavit</strong></span> <span class='ocrx_word' id='word_1_28' title='bbox 499 688 679 756; x_wconf 82' lang='lat' dir='ltr'><strong>Lobeclrius</strong></span> <span class='ocrx_word' id='word_1_29' title='bbox 700 690 775 777; x_wconf 79' lang='lat' dir='ltr'><strong>Agl.</strong></span> <span class='ocrx_word' id='word_1_30' title='bbox 800 696 890 760; x_wconf 87' lang='grc'><strong>1614.</strong></span> <span class='ocrx_word' id='word_1_31' title='bbox 1434 770 1437 775; x_wconf 14' lang='lat' dir='ltr'><strong><em>Q</em></strong></span> 
     </span>
     <span class='ocr_line' id='line_1_5' title="bbox 430 798 1517 885; baseline 0.006 -21"><span class='ocrx_word' id='word_1_32' title='bbox 430 798 596 864; x_wconf 78' lang='lat' dir='ltr'><strong>Eustathii</strong></span> <span class='ocrx_word' id='word_1_33' title='bbox 617 801 723 864; x_wconf 82' lang='lat' dir='ltr'><strong>aetate</strong></span> <span class='ocrx_word' id='word_1_34' title='bbox 742 799 873 884; x_wconf 78' lang='lat' dir='ltr'><strong>signum</strong></span> <span class='ocrx_word' id='word_1_35' title='bbox 894 800 1026 885; x_wconf 79' lang='lat' dir='ltr'><strong>spiritus</strong></span> <span class='ocrx_word' id='word_1_36' title='bbox 1051 800 1085 864; x_wconf 91' lang='lat' dir='ltr'><strong>in</strong></span> <span class='ocrx_word' id='word_1_37' title='bbox 1114 800 1227 866; x_wconf 86' lang='lat' dir='ltr'><strong>mediis</strong></span> <span class='ocrx_word' id='word_1_38' title='bbox 1252 802 1418 869; x_wconf 81' lang='lat' dir='ltr'><strong>vocabulis</strong></span> <span class='ocrx_word' id='word_1_39' title='bbox 1438 804 1517 870; x_wconf 88' lang='lat' dir='ltr'><strong>abo·</strong></span> 
     </span>
    </p>
   </div>
   <div class='ocr_carea' id='block_1_3' title="bbox 347 899 1535 2614">
    <p class='ocr_par' dir='ltr' id='par_1_5' title="bbox 347 899 1535 2614">
     <span class='ocr_line' id='line_1_6' title="bbox 350 899 1518 995; baseline -0.001 -22"><span class='ocrx_word' id='word_1_40' title='bbox 350 908 483 974; x_wconf 84' lang='lat' dir='ltr'><strong>leverat:</strong></span> <span class='ocrx_word' id='word_1_41' title='bbox 503 906 564 972; x_wconf 89' lang='lat' dir='ltr'><strong>hac</strong></span> <span class='ocrx_word' id='word_1_42' title='bbox 584 905 710 973; x_wconf 86' lang='lat' dir='ltr'><strong>ratione</strong></span> <span class='ocrx_word' id='word_1_43' title='bbox 730 905 786 973; x_wconf 86' lang='lat' dir='ltr'><strong>ille</strong></span> <span class='ocrx_word' id='word_1_44' title='bbox 806 913 958 993; x_wconf 68' lang='grc'><strong>115213</strong></span> <span class='ocrx_word' id='word_1_45' title='bbox 981 902 1018 974; x_wconf 77' lang='lat' dir='ltr'><strong>oi</strong></span> <span class='ocrx_word' id='word_1_46' title='bbox 1039 899 1200 993; x_wconf 78' lang='grc' dir='ltr'><em>ἀρχαῖοι</em></span> <span class='ocrx_word' id='word_1_47' title='bbox 1222 906 1279 974; x_wconf 75' lang='grc' dir='ltr'><strong>καὶ</strong></span> <span class='ocrx_word' id='word_1_48' title='bbox 1299 905 1444 995; x_wconf 77' lang='grc' dir='ltr'><em>ἐνμέσῳ</em></span> <span class='ocrx_word' id='word_1_49' title='bbox 1465 906 1518 973; x_wconf 76' lang='grc' dir='ltr'><strong>λε’·</strong></span> 
     </span>
     <span class='ocr_line' id='line_1_7' title="bbox 350 1004 1518 1103; baseline 0.003 -23"><span class='ocrx_word' id='word_1_50' title='bbox 350 1020 432 1098; x_wconf 81' lang='grc' dir='ltr'><em>ξτων</em></span> <span class='ocrx_word' id='word_1_51' title='bbox 458 1004 696 1095; x_wconf 81' lang='grc' dir='ltr'><em>ἒντνενμάτιζον</em></span> <span class='ocrx_word' id='word_1_52' title='bbox 721 1010 778 1079; x_wconf 83' lang='grc' dir='ltr'><strong>καὶ</strong></span> <span class='ocrx_word' id='word_1_53' title='bbox 797 1011 842 1079; x_wconf 83' lang='grc' dir='ltr'><strong>τὰ</strong></span> <span class='ocrx_word' id='word_1_54' title='bbox 864 1009 1039 1103; x_wconf 75' lang='grc' dir='ltr'><strong>φωνήεντα</strong></span> <span class='ocrx_word' id='word_1_55' title='bbox 1059 1010 1116 1080; x_wconf 82' lang='grc' dir='ltr'><strong>καὶ</strong></span> <span class='ocrx_word' id='word_1_56' title='bbox 1135 1011 1175 1082; x_wconf 85' lang='grc' dir='ltr'><strong>τὸ</strong></span> <span class='ocrx_word' id='word_1_57' title='bbox 1192 1036 1225 1100; x_wconf 77' lang='lat' dir='ltr'><strong>p:</strong></span> <span class='ocrx_word' id='word_1_58' title='bbox 1257 1021 1290 1082; x_wconf 89' lang='lat' dir='ltr'><strong>et</strong></span> <span class='ocrx_word' id='word_1_59' title='bbox 1312 1018 1518 1103; x_wconf 82' lang='lat' dir='ltr'><strong>paulopost:</strong></span> 
     </span>
     <span class='ocr_line' id='line_1_8' title="bbox 351 1114 1518 1211; baseline 0 -21"><span class='ocrx_word' id='word_1_60' title='bbox 351 1118 420 1193; x_wconf 84' lang='grc' dir='ltr'><em>αἰιτὸ</em></span> <span class='ocrx_word' id='word_1_61' title='bbox 446 1125 525 1210; x_wconf 72' lang='grc' dir='ltr'><em>γοῦν</em></span> <span class='ocrx_word' id='word_1_62' title='bbox 551 1114 797 1188; x_wconf 79' lang='grc' dir='ltr'><em>τῶντοιούτων</em></span> <span class='ocrx_word' id='word_1_63' title='bbox 823 1119 881 1189; x_wconf 83' lang='grc' dir='ltr'><strong>καὶ</strong></span> <span class='ocrx_word' id='word_1_64' title='bbox 907 1117 1025 1206; x_wconf 76' lang='grc' dir='ltr'><em>ἑτέρων</em></span> <span class='ocrx_word' id='word_1_65' title='bbox 1048 1117 1085 1187; x_wconf 80' lang='grc' dir='ltr'><strong>δὲ</strong></span> <span class='ocrx_word' id='word_1_66' title='bbox 1105 1115 1304 1189; x_wconf 82' lang='grc' dir='ltr'><em>πλειόνων</em></span> <span class='ocrx_word' id='word_1_67' title='bbox 1330 1118 1518 1211; x_wconf 71' lang='grc' dir='ltr'><em>σημειού-</em></span> 
     </span>
     <span class='ocr_line' id='line_1_9' title="bbox 349 1221 1519 1317; baseline -0.003 -19"><span class='ocrx_word' id='word_1_68' title='bbox 349 1236 471 1317; x_wconf 73' lang='grc' dir='ltr'><em>μεθα,</em></span> <span class='ocrx_word' id='word_1_69' title='bbox 494 1223 545 1307; x_wconf 79' lang='grc' dir='ltr'><strong>ὡς</strong></span> <span class='ocrx_word' id='word_1_70' title='bbox 566 1222 608 1312; x_wconf 82' lang='lat' dir='ltr'><strong>oi¹</strong></span> <span class='ocrx_word' id='word_1_71' title='bbox 630 1221 789 1313; x_wconf 74' lang='grc' dir='ltr'><em>ἀρχαῖοι</em></span> <span class='ocrx_word' id='word_1_72' title='bbox 815 1223 853 1296; x_wconf 84' lang='grc' dir='ltr'><strong>οὐ</strong></span> <span class='ocrx_word' id='word_1_73' title='bbox 881 1224 984 1314; x_wconf 81' lang='grc' dir='ltr'><em>μόνον</em></span> <span class='ocrx_word' id='word_1_74' title='bbox 1009 1225 1045 1295; x_wconf 78' lang='grc' dir='ltr'><strong>ἐν</strong></span> <span class='ocrx_word' id='word_1_75' title='bbox 1070 1232 1145 1308; x_wconf 84' lang='grc' dir='ltr'><em>ταῖς</em></span> <span class='ocrx_word' id='word_1_76' title='bbox 1168 1223 1285 1314; x_wconf 79' lang='grc' dir='ltr'><em>ἀρχαῖς</em></span> <span class='ocrx_word' id='word_1_77' title='bbox 1306 1233 1372 1296; x_wconf 82' lang='grc' dir='ltr'><strong>τῶν</strong></span> <span class='ocrx_word' id='word_1_78' title='bbox 1400 1228 1519 1312; x_wconf 80' lang='grc' dir='ltr'><em>λέξεων</em></span> 
     </span>
     <span class='ocr_line' id='line_1_10' title="bbox 348 1332 1518 1427; baseline -0.002 -22"><span class='ocrx_word' id='word_1_79' title='bbox 348 1337 387 1407; x_wconf 85' lang='grc' dir='ltr'><strong>τὸ</strong></span> <span class='ocrx_word' id='word_1_80' title='bbox 407 1364 428 1423; x_wconf 84' lang='grc' dir='ltr'><strong><em>ρ</em></strong></span> <span class='ocrx_word' id='word_1_81' title='bbox 449 1340 612 1419; x_wconf 85' lang='grc' dir='ltr'><em>στοιχεῖον</em></span> <span class='ocrx_word' id='word_1_82' title='bbox 633 1335 691 1402; x_wconf 82' lang='grc' dir='ltr'><strong>καὶ</strong></span> <span class='ocrx_word' id='word_1_83' title='bbox 710 1336 751 1403; x_wconf 84' lang='grc' dir='ltr'><strong>τὰ</strong></span> <span class='ocrx_word' id='word_1_84' title='bbox 773 1333 948 1427; x_wconf 76' lang='grc' dir='ltr'><strong>φωνήεντα</strong></span> <span class='ocrx_word' id='word_1_85' title='bbox 969 1332 1216 1420; x_wconf 80' lang='grc' dir='ltr'><em>ἐντνενμάτιζον.</em></span> <span class='ocrx_word' id='word_1_86' title='bbox 1236 1363 1269 1426; x_wconf 88' lang='lat' dir='ltr'><strong>p.</strong></span> <span class='ocrx_word' id='word_1_87' title='bbox 1294 1347 1383 1420; x_wconf 86' lang='grc'><strong>1715,</strong></span> <span class='ocrx_word' id='word_1_88' title='bbox 1403 1345 1442 1408; x_wconf 92' lang='grc'><strong>23</strong></span> <span class='ocrx_word' id='word_1_89' title='bbox 1465 1336 1518 1405; x_wconf 79' lang='grc' dir='ltr'><strong>ὅτι</strong></span> 
     </span>
     <span class='ocr_line' id='line_1_11' title="bbox 350 1441 1519 1535; baseline -0.001 -22"><span class='ocrx_word' id='word_1_90' title='bbox 350 1444 388 1514; x_wconf 77' lang='grc' dir='ltr'><strong>δὲ</strong></span> <span class='ocrx_word' id='word_1_91' title='bbox 408 1442 439 1513; x_wconf 78' lang='grc' dir='ltr'><strong>οἱ</strong></span> <span class='ocrx_word' id='word_1_92' title='bbox 460 1441 605 1512; x_wconf 80' lang='grc' dir='ltr'><em>παλαιοὶ</em></span> <span class='ocrx_word' id='word_1_93' title='bbox 624 1443 682 1512; x_wconf 80' lang='grc' dir='ltr'><strong>καὶ</strong></span> <span class='ocrx_word' id='word_1_94' title='bbox 703 1441 738 1511; x_wconf 79' lang='grc' dir='ltr'><strong>ἐν</strong></span> <span class='ocrx_word' id='word_1_95' title='bbox 758 1441 850 1533; x_wconf 80' lang='grc' dir='ltr'><em>μέσῳ</em></span> <span class='ocrx_word' id='word_1_96' title='bbox 873 1442 993 1527; x_wconf 80' lang='grc' dir='ltr'><em>λέξεων</em></span> <span class='ocrx_word' id='word_1_97' title='bbox 1017 1441 1257 1530; x_wconf 77' lang='grc' dir='ltr'><em>ἐντνενμάτιζον</em></span> <span class='ocrx_word' id='word_1_98' title='bbox 1281 1444 1323 1511; x_wconf 85' lang='grc' dir='ltr'><strong>τὰ</strong></span> <span class='ocrx_word' id='word_1_99' title='bbox 1346 1442 1519 1535; x_wconf 79' lang='grc' dir='ltr'><strong>φωνήεντα</strong></span> 
     </span>
     <span class='ocr_line' id='line_1_12' title="bbox 349 1547 1519 1644; baseline -0.006 -22"><span class='ocrx_word' id='word_1_100' title='bbox 349 1553 406 1622; x_wconf 79' lang='grc' dir='ltr'><strong>καὶ</strong></span> <span class='ocrx_word' id='word_1_101' title='bbox 419 1549 440 1644; x_wconf 87' lang='grc' dir='ltr'><em>ή</em></span> <span class='ocrx_word' id='word_1_102' title='bbox 454 1549 556 1633; x_wconf 79' lang='grc' dir='ltr'><em>Ἰλιὰς</em></span> <span class='ocrx_word' id='word_1_103' title='bbox 569 1553 676 1642; x_wconf 77' lang='grc' dir='ltr'><strong>δηλοῖ.</strong></span> <span class='ocrx_word' id='word_1_104' title='bbox 696 1577 727 1640; x_wconf 90' lang='lat' dir='ltr'><strong>p.</strong></span> <span class='ocrx_word' id='word_1_105' title='bbox 745 1560 832 1637; x_wconf 84' lang='grc'><strong>1396,</strong></span> <span class='ocrx_word' id='word_1_106' title='bbox 846 1561 888 1623; x_wconf 92' lang='grc'><strong>22</strong></span> <span class='ocrx_word' id='word_1_107' title='bbox 901 1550 979 1638; x_wconf 78' lang='grc' dir='ltr'><em>περὶ</em></span> <span class='ocrx_word' id='word_1_108' title='bbox 994 1549 1031 1619; x_wconf 79' lang='grc' dir='ltr'><strong>δὲ</strong></span> <span class='ocrx_word' id='word_1_109' title='bbox 1050 1547 1212 1619; x_wconf 80' lang='grc' dir='ltr'><em>τοιούτων</em></span> <span class='ocrx_word' id='word_1_110' title='bbox 1234 1547 1398 1641; x_wconf 79' lang='grc' dir='ltr'><em>ἀρχαϊκῶν</em></span> <span class='ocrx_word' id='word_1_111' title='bbox 1419 1578 1519 1620; x_wconf 76' lang='lat' dir='ltr'><strong>nvn:-</strong></span> 
     </span>
     <span class='ocr_line' id='line_1_13' title="bbox 347 1654 1518 1751; baseline 0 -22"><span class='ocrx_word' id='word_1_112' title='bbox 347 1665 521 1748; x_wconf 79' lang='grc' dir='ltr'><em>ματιομιῦν</em></span> <span class='ocrx_word' id='word_1_113' title='bbox 544 1658 580 1727; x_wconf 75' lang='grc' dir='ltr'><strong>ἐν</strong></span> <span class='ocrx_word' id='word_1_114' title='bbox 604 1663 676 1739; x_wconf 86' lang='grc' dir='ltr'><em>τοῖς</em></span> <span class='ocrx_word' id='word_1_115' title='bbox 703 1656 751 1739; x_wconf 80' lang='grc' dir='ltr'><strong>εἰς</strong></span> <span class='ocrx_word' id='word_1_116' title='bbox 770 1659 831 1748; x_wconf 84' lang='grc' dir='ltr'><strong>τήν</strong></span> <span class='ocrx_word' id='word_1_117' title='bbox 850 1654 980 1726; x_wconf 78' lang='grc' dir='ltr'><strong><em>Ἰλιάδα</em></strong></span> <span class='ocrx_word' id='word_1_118' title='bbox 1010 1664 1128 1751; x_wconf 78' lang='grc' dir='ltr'><em>σοφαῖς</em></span> <span class='ocrx_word' id='word_1_119' title='bbox 1153 1657 1345 1746; x_wconf 71' lang='grc' dir='ltr'><em>γέγραπται.</em></span> <span class='ocrx_word' id='word_1_120' title='bbox 1392 1663 1442 1729; x_wconf 86' lang='lat' dir='ltr'><strong>Ex</strong></span> <span class='ocrx_word' id='word_1_121' title='bbox 1468 1663 1518 1729; x_wconf 85' lang='lat' dir='ltr'><strong>his</strong></span> 
     </span>
     <span class='ocr_line' id='line_1_14' title="bbox 348 1769 1517 1859; baseline 0.001 -20"><span class='ocrx_word' id='word_1_122' title='bbox 348 1776 439 1859; x_wconf 88' lang='lat' dir='ltr'><strong>patet</strong></span> <span class='ocrx_word' id='word_1_123' title='bbox 468 1770 630 1856; x_wconf 89' lang='lat' dir='ltr'><strong>quomodo</strong></span> <span class='ocrx_word' id='word_1_124' title='bbox 655 1769 905 1856; x_wconf 82' lang='lat' dir='ltr'><strong>intelligendum</strong></span> <span class='ocrx_word' id='word_1_125' title='bbox 934 1770 978 1835; x_wconf 83' lang='lat' dir='ltr'><strong>sit</strong></span> <span class='ocrx_word' id='word_1_126' title='bbox 1003 1770 1083 1836; x_wconf 89' lang='lat' dir='ltr'><strong>illud</strong></span> <span class='ocrx_word' id='word_1_127' title='bbox 1109 1770 1198 1856; x_wconf 91' lang='lat' dir='ltr'><strong>quod</strong></span> <span class='ocrx_word' id='word_1_128' title='bbox 1227 1769 1305 1835; x_wconf 81' lang='lat' dir='ltr'><strong>dicit</strong></span> <span class='ocrx_word' id='word_1_129' title='bbox 1329 1794 1360 1857; x_wconf 91' lang='lat' dir='ltr'><strong>p.</strong></span> <span class='ocrx_word' id='word_1_130' title='bbox 1384 1778 1517 1852; x_wconf 58' lang='grc'><strong>1511211</strong></span> 
     </span>
     <span class='ocr_line' id='line_1_15' title="bbox 349 1869 1519 1963; baseline -0.005 -18"><span class='ocrx_word' id='word_1_131' title='bbox 349 1877 403 1945; x_wconf 80' lang='grc' dir='ltr'><strong>ὅτι</strong></span> <span class='ocrx_word' id='word_1_132' title='bbox 429 1873 467 1944; x_wconf 79' lang='lat' dir='ltr'><strong>dd</strong></span> <span class='ocrx_word' id='word_1_133' title='bbox 494 1874 588 1961; x_wconf 81' lang='grc' dir='ltr'><em>παρὰ</em></span> <span class='ocrx_word' id='word_1_134' title='bbox 612 1880 683 1955; x_wconf 84' lang='grc' dir='ltr'><em>τοῖς</em></span> <span class='ocrx_word' id='word_1_135' title='bbox 709 1870 862 1963; x_wconf 76' lang='grc' dir='ltr'><em>ἀρχαίοις</em></span> <span class='ocrx_word' id='word_1_136' title='bbox 889 1869 928 1943; x_wconf 79' lang='grc' dir='ltr'><strong>οὗ</strong></span> <span class='ocrx_word' id='word_1_137' title='bbox 954 1871 1059 1960; x_wconf 87' lang='grc' dir='ltr'><em>μόνον</em></span> <span class='ocrx_word' id='word_1_138' title='bbox 1082 1876 1123 1942; x_wconf 83' lang='grc' dir='ltr'><strong>τὰ</strong></span> <span class='ocrx_word' id='word_1_139' title='bbox 1150 1869 1289 1961; x_wconf 83' lang='grc' dir='ltr'><em>ἇρκτικὰ</em></span> <span class='ocrx_word' id='word_1_140' title='bbox 1312 1880 1379 1942; x_wconf 81' lang='grc' dir='ltr'><em>ταῖν</em></span> <span class='ocrx_word' id='word_1_141' title='bbox 1400 1874 1519 1958; x_wconf 82' lang='grc' dir='ltr'><em>λέξεων</em></span> 
     </span>
     <span class='ocr_line' id='line_1_16' title="bbox 349 1970 1535 2078; baseline -0.006 -26"><span class='ocrx_word' id='word_1_142' title='bbox 349 1985 522 2078; x_wconf 78' lang='grc' dir='ltr'><em>φωνήεντα</em></span> <span class='ocrx_word' id='word_1_143' title='bbox 536 1978 822 2069; x_wconf 76' lang='grc' dir='ltr'><em>ἒντνενματίζοντο,</em></span> <span class='ocrx_word' id='word_1_144' title='bbox 847 1978 1007 2050; x_wconf 74' lang='grc' dir='ltr'><em>ἀλλὰκαὶ</em></span> <span class='ocrx_word' id='word_1_145' title='bbox 1026 1982 1068 2049; x_wconf 83' lang='grc' dir='ltr'><strong>τὰ</strong></span> <span class='ocrx_word' id='word_1_146' title='bbox 1090 1983 1148 2051; x_wconf 78' lang='grc' dir='ltr'><strong>διὰ</strong></span> <span class='ocrx_word' id='word_1_147' title='bbox 1166 1981 1270 2069; x_wconf 82' lang='grc' dir='ltr'><em>μέσον</em></span> <span class='ocrx_word' id='word_1_148' title='bbox 1293 1970 1328 2052; x_wconf 78' lang='grc' dir='ltr'><strong>ἐν</strong></span> <span class='ocrx_word' id='word_1_149' title='bbox 1348 1989 1423 2064; x_wconf 86' lang='grc' dir='ltr'><em>ταῖς</em></span> <span class='ocrx_word' id='word_1_150' title='bbox 1442 1984 1535 2051; x_wconf 84' lang='grc' dir='ltr'><strong>σι·λ-.</strong></span> 
     </span>
     <span class='ocr_line' id='line_1_17' title="bbox 350 2085 1518 2181; baseline -0.003 -22"><span class='ocrx_word' id='word_1_151' title='bbox 350 2094 470 2179; x_wconf 76' lang='grc' dir='ltr'><em>λαβαῖς</em></span> <span class='ocrx_word' id='word_1_152' title='bbox 491 2086 704 2180; x_wconf 77' lang='grc' dir='ltr'><em>ὡμολόγηται</em></span> <span class='ocrx_word' id='word_1_153' title='bbox 725 2089 793 2159; x_wconf 77' lang='grc' dir='ltr'><strong>ὑπὸ</strong></span> <span class='ocrx_word' id='word_1_154' title='bbox 815 2097 881 2158; x_wconf 85' lang='grc' dir='ltr'><strong>τῶν</strong></span> <span class='ocrx_word' id='word_1_155' title='bbox 903 2085 1124 2181; x_wconf 78' lang='grc' dir='ltr'><em>ἀντιγράφων,</em></span> <span class='ocrx_word' id='word_1_156' title='bbox 1148 2086 1194 2171; x_wconf 81' lang='grc' dir='ltr'><strong>ὡς</strong></span> <span class='ocrx_word' id='word_1_157' title='bbox 1211 2087 1396 2180; x_wconf 73' lang='grc' dir='ltr'><em>ῥηθήσεται</em></span> <span class='ocrx_word' id='word_1_158' title='bbox 1413 2090 1470 2158; x_wconf 82' lang='grc' dir='ltr'><strong>καὶ</strong></span> <span class='ocrx_word' id='word_1_159' title='bbox 1483 2090 1518 2157; x_wconf 79' lang='grc' dir='ltr'><strong>ἐν</strong></span> 
     </span>
     <span class='ocr_line' id='line_1_18' title="bbox 347 2194 1517 2290; baseline 0 -23"><span class='ocrx_word' id='word_1_160' title='bbox 347 2204 419 2281; x_wconf 78' lang='grc' dir='ltr'><em>τοῖς</em></span> <span class='ocrx_word' id='word_1_161' title='bbox 439 2198 530 2290; x_wconf 77' lang='grc' dir='ltr'><em>ἑξῆς·</em></span> <span class='ocrx_word' id='word_1_162' title='bbox 561 2197 643 2286; x_wconf 73' lang='grc' dir='ltr'><em>ὅπερ</em></span> <span class='ocrx_word' id='word_1_163' title='bbox 674 2201 773 2290; x_wconf 78' lang='grc' dir='ltr'><em>δηλοῖ</em></span> <span class='ocrx_word' id='word_1_164' title='bbox 795 2224 863 2267; x_wconf 85' lang='grc' dir='ltr'><strong>που</strong></span> <span class='ocrx_word' id='word_1_165' title='bbox 884 2198 942 2267; x_wconf 78' lang='grc' dir='ltr'><strong>καὶ</strong></span> <span class='ocrx_word' id='word_1_166' title='bbox 962 2196 981 2266; x_wconf 80' lang='grc' dir='ltr'>ὁ</span> <span class='ocrx_word' id='word_1_167' title='bbox 1000 2194 1195 2288; x_wconf 72' lang='grc' dir='ltr'><em>Ἀθήναιος.</em></span> <span class='ocrx_word' id='word_1_168' title='bbox 1230 2202 1303 2267; x_wconf 85' lang='grc' dir='ltr'><strong>Ηοα</strong></span> <span class='ocrx_word' id='word_1_169' title='bbox 1325 2207 1386 2268; x_wconf 88' lang='lat' dir='ltr'><strong>est:</strong></span> <span class='ocrx_word' id='word_1_170' title='bbox 1417 2202 1517 2268; x_wconf 76' lang='lat' dir='ltr'><strong>Athe·</strong></span> 
     </span>
     <span class='ocr_line' id='line_1_19' title="bbox 350 2309 1516 2398; baseline -0.003 -19"><span class='ocrx_word' id='word_1_171' title='bbox 350 2334 450 2379; x_wconf 83' lang='lat' dir='ltr'><strong>naeus</strong></span> <span class='ocrx_word' id='word_1_172' title='bbox 475 2314 613 2377; x_wconf 82' lang='lat' dir='ltr'><strong>testatur</strong></span> <span class='ocrx_word' id='word_1_173' title='bbox 639 2309 697 2396; x_wconf 89' lang='lat' dir='ltr'><strong>(IX</strong></span> <span class='ocrx_word' id='word_1_174' title='bbox 722 2335 753 2398; x_wconf 92' lang='lat' dir='ltr'><strong>p.</strong></span> <span class='ocrx_word' id='word_1_175' title='bbox 780 2314 874 2394; x_wconf 73' lang='lat'><strong>3970)</strong></span> <span class='ocrx_word' id='word_1_176' title='bbox 901 2311 935 2374; x_wconf 90' lang='lat' dir='ltr'><strong>in</strong></span> <span class='ocrx_word' id='word_1_177' title='bbox 961 2310 1155 2376; x_wconf 82' lang='lat' dir='ltr'>comicorum</span> <span class='ocrx_word' id='word_1_178' title='bbox 1187 2309 1422 2395; x_wconf 81' lang='lat' dir='ltr'><strong>exemplaribus</strong></span> <span class='ocrx_word' id='word_1_179' title='bbox 1450 2312 1516 2395; x_wconf 81' lang='lat' dir='ltr'><strong>legi</strong></span> 
     </span>
     <span class='ocr_line' id='line_1_20' title="bbox 349 2406 1517 2504; baseline 0.001 -20"><span class='ocrx_word' id='word_1_180' title='bbox 349 2406 445 2496; x_wconf 81' lang='grc' dir='ltr'><strong>ταῶς.</strong></span> <span class='ocrx_word' id='word_1_181' title='bbox 489 2418 536 2486; x_wconf 86' lang='lat' dir='ltr'><strong>cf.</strong></span> <span class='ocrx_word' id='word_1_182' title='bbox 561 2421 727 2503; x_wconf 86' lang='lat' dir='ltr'><strong>praeterea</strong></span> <span class='ocrx_word' id='word_1_183' title='bbox 759 2440 833 2484; x_wconf 89' lang='lat' dir='ltr'><strong>eum</strong></span> <span class='ocrx_word' id='word_1_184' title='bbox 862 2442 892 2504; x_wconf 92' lang='lat' dir='ltr'><strong>p.</strong></span> <span class='ocrx_word' id='word_1_185' title='bbox 921 2423 1009 2485; x_wconf 85' lang='grc'><strong>1347.</strong></span> <span class='ocrx_word' id='word_1_186' title='bbox 1055 2423 1133 2486; x_wconf 88' lang='grc'><strong>1828</strong></span> <span class='ocrx_word' id='word_1_187' title='bbox 1162 2422 1194 2484; x_wconf 91' lang='lat' dir='ltr'><strong>et</strong></span> <span class='ocrx_word' id='word_1_188' title='bbox 1221 2416 1319 2483; x_wconf 86' lang='lat' dir='ltr'><strong>schol.</strong></span> <span class='ocrx_word' id='word_1_189' title='bbox 1346 2418 1441 2484; x_wconf 83' lang='lat' dir='ltr'><strong>Dion.</strong></span> <span class='ocrx_word' id='word_1_190' title='bbox 1469 2440 1517 2504; x_wconf 83' lang='lat' dir='ltr'><strong>gr.</strong></span> 
     </span>
     <span class='ocr_line' id='line_1_21' title="bbox 349 2526 1128 2614; baseline -0.009 -18"><span class='ocrx_word' id='word_1_191' title='bbox 349 2551 380 2614; x_wconf 85' lang='lat' dir='ltr'><strong>p.</strong></span> <span class='ocrx_word' id='word_1_192' title='bbox 401 2532 461 2596; x_wconf 92' lang='grc'><strong>693</strong></span> <span class='ocrx_word' id='word_1_193' title='bbox 482 2527 561 2593; x_wconf 89' lang='lat' dir='ltr'><strong>item</strong></span> <span class='ocrx_word' id='word_1_194' title='bbox 580 2526 894 2612; x_wconf 82' lang='lat' dir='ltr'><strong>interaspirationem</strong></span> <span class='ocrx_word' id='word_1_195' title='bbox 914 2526 1128 2613; x_wconf 81' lang='lat' dir='ltr'><strong>ignorantem</strong></span> 
     </span>
    </p>
   </div>
   <div class='ocr_carea' id='block_1_4' title="bbox 267 2809 1517 2934">
    <p class='ocr_par' dir='ltr' id='par_1_6' title="bbox 267 2809 1517 2934">
     <span class='ocr_line' id='line_1_22' title="bbox 267 2809 1517 2934; baseline 0.002 -35"><span class='ocrx_word' id='word_1_196' title='bbox 267 2809 337 2934; x_wconf 56' lang='grc' dir='ltr'><strong>(ζῇ)</strong></span> <span class='ocrx_word' id='word_1_197' title='bbox 432 2835 470 2902; x_wconf 91' lang='lat' dir='ltr'><strong>In</strong></span> <span class='ocrx_word' id='word_1_198' title='bbox 486 2857 688 2903; x_wconf 88' lang='lat' dir='ltr'><strong>communem</strong></span> <span class='ocrx_word' id='word_1_199' title='bbox 704 2858 799 2902; x_wconf 81' lang='lat' dir='ltr'><strong>usum</strong></span> <span class='ocrx_word' id='word_1_200' title='bbox 812 2837 973 2903; x_wconf 80' lang='lat' dir='ltr'><strong>scribendi</strong></span> <span class='ocrx_word' id='word_1_201' title='bbox 993 2837 1056 2903; x_wconf 93' lang='lat' dir='ltr'><strong>hoc</strong></span> <span class='ocrx_word' id='word_1_202' title='bbox 1077 2837 1207 2932; x_wconf 81' lang='lat' dir='ltr'><strong>signnm</strong></span> <span class='ocrx_word' id='word_1_203' title='bbox 1220 2836 1517 2923; x_wconf 72' lang='lat' dir='ltr'><strong>interaspirationiS‚</strong></span> 
     </span>
    </p>
   </div>
   <div class='ocr_carea' id='block_1_5' title="bbox 345 2944 1516 3570">
    <p class='ocr_par' dir='ltr' id='par_1_7' title="bbox 345 2944 1516 3570">
     <span class='ocr_line' id='line_1_23' title="bbox 348 2944 1516 3031; baseline -0.002 -20"><span class='ocrx_word' id='word_1_204' title='bbox 348 2945 434 3031; x_wconf 86' lang='lat' dir='ltr'><strong>apud</strong></span> <span class='ocrx_word' id='word_1_205' title='bbox 458 2945 585 3011; x_wconf 80' lang='lat' dir='ltr'><strong>Atticos</strong></span> <span class='ocrx_word' id='word_1_206' title='bbox 612 2948 712 3023; x_wconf 85' lang='lat' dir='ltr'><strong>certe,</strong></span> <span class='ocrx_word' id='word_1_207' title='bbox 745 2945 811 3012; x_wconf 88' lang='lat' dir='ltr'><strong>fere</strong></span> <span class='ocrx_word' id='word_1_208' title='bbox 842 2967 909 3011; x_wconf 89' lang='lat' dir='ltr'><strong>non</strong></span> <span class='ocrx_word' id='word_1_209' title='bbox 935 2949 1099 3030; x_wconf 88' lang='lat' dir='ltr'><strong>receptum</strong></span> <span class='ocrx_word' id='word_1_210' title='bbox 1124 2944 1194 3009; x_wconf 78' lang='lat' dir='ltr'><strong>furit</strong></span> <span class='ocrx_word' id='word_1_211' title='bbox 1238 2944 1302 3023; x_wconf 83' lang='lat' dir='ltr'><strong>Qui</strong></span> <span class='ocrx_word' id='word_1_212' title='bbox 1329 2945 1368 3010; x_wconf 92' lang='lat' dir='ltr'><strong>de</strong></span> <span class='ocrx_word' id='word_1_213' title='bbox 1394 2944 1454 3010; x_wconf 87' lang='lat' dir='ltr'><strong>hac</strong></span> <span class='ocrx_word' id='word_1_214' title='bbox 1482 2967 1516 3009; x_wconf 90' lang='lat' dir='ltr'><strong>re</strong></span> 
     </span>
     <span class='ocr_line' id='line_1_24' title="bbox 347 3051 1515 3139; baseline -0.003 -19"><span class='ocrx_word' id='word_1_215' title='bbox 347 3053 505 3139; x_wconf 81' lang='lat' dir='ltr'><strong>quaesivit</strong></span> <span class='ocrx_word' id='word_1_216' title='bbox 532 3053 681 3119; x_wconf 79' lang='lat' dir='ltr'><strong>Osannus</strong></span> <span class='ocrx_word' id='word_1_217' title='bbox 715 3054 756 3119; x_wconf 90' lang='lat' dir='ltr'><strong>ad</strong></span> <span class='ocrx_word' id='word_1_218' title='bbox 781 3053 941 3118; x_wconf 89' lang='lat' dir='ltr'><strong>Marmora</strong></span> <span class='ocrx_word' id='word_1_219' title='bbox 965 3051 1138 3138; x_wconf 82' lang='lat' dir='ltr'><strong>Elginiana</strong></span> <span class='ocrx_word' id='word_1_220' title='bbox 1164 3075 1194 3137; x_wconf 90' lang='lat' dir='ltr'><strong>p.</strong></span> <span class='ocrx_word' id='word_1_221' title='bbox 1222 3058 1260 3120; x_wconf 89' lang='grc'><strong>71</strong></span> <span class='ocrx_word' id='word_1_222' title='bbox 1289 3074 1357 3137; x_wconf 85' lang='lat' dir='ltr'>sqq.</span> <span class='ocrx_word' id='word_1_223' title='bbox 1390 3056 1515 3136; x_wconf 87' lang='lat' dir='ltr'><strong>praeter</strong></span> 
     </span>
     <span class='ocr_line' id='line_1_25' title="bbox 346 3159 1516 3246; baseline -0.003 -18"><span class='ocrx_word' id='word_1_224' title='bbox 346 3161 474 3228; x_wconf 83' lang='lat' dir='ltr'><strong>tabulas</strong></span> <span class='ocrx_word' id='word_1_225' title='bbox 487 3159 725 3240; x_wconf 56' lang='lat' dir='ltr'><strong>Heracleensem</strong></span> <span class='ocrx_word' id='word_1_226' title='bbox 744 3160 912 3246; x_wconf 82' lang='lat' dir='ltr'><strong>inquibus</strong></span> <span class='ocrx_word' id='word_1_227' title='bbox 930 3160 1058 3245; x_wconf 80' lang='lat' dir='ltr'><strong>saepius</strong></span> <span class='ocrx_word' id='word_1_228' title='bbox 1080 3160 1226 3243; x_wconf 84' lang='lat' dir='ltr'><strong>occurrit,</strong></span> <span class='ocrx_word' id='word_1_229' title='bbox 1248 3164 1280 3225; x_wconf 89' lang='lat' dir='ltr'><strong>et</strong></span> <span class='ocrx_word' id='word_1_230' title='bbox 1293 3182 1394 3226; x_wconf 88' lang='lat' dir='ltr'><strong>unum</strong></span> <span class='ocrx_word' id='word_1_231' title='bbox 1408 3182 1516 3225; x_wconf 87' lang='lat' dir='ltr'><strong>exem·</strong></span> 
     </span>
     <span class='ocr_line' id='line_1_26' title="bbox 345 3266 1516 3354; baseline 0 -21"><span class='ocrx_word' id='word_1_232' title='bbox 345 3267 436 3354; x_wconf 88' lang='lat' dir='ltr'><strong>plum</strong></span> <span class='ocrx_word' id='word_1_233' title='bbox 461 3289 501 3333; x_wconf 87' lang='lat' dir='ltr'><strong>ex</strong></span> <span class='ocrx_word' id='word_1_234' title='bbox 526 3266 714 3334; x_wconf 77' lang='lat' dir='ltr'><strong>lithostroto</strong></span> <span class='ocrx_word' id='word_1_235' title='bbox 741 3267 952 3335; x_wconf 81' lang='lat' dir='ltr'><strong>Praenestino</strong></span> <span class='ocrx_word' id='word_1_236' title='bbox 974 3267 1286 3350; x_wconf 59' lang='lat' dir='ltr'><strong>(infirmnm</strong></span> <span class='ocrx_word' id='word_1_237' title='bbox 1312 3289 1352 3333; x_wconf 85' lang='lat' dir='ltr'><strong>ex</strong></span> <span class='ocrx_word' id='word_1_238' title='bbox 1377 3268 1516 3333; x_wconf 87' lang='lat' dir='ltr'><strong>Herodis</strong></span> 
     </span>
     <span class='ocr_line' id='line_1_27' title="bbox 346 3373 1515 3460; baseline -0.002 -19"><span class='ocrx_word' id='word_1_239' title='bbox 346 3376 448 3441; x_wconf 86' lang='lat' dir='ltr'><strong>Attici</strong></span> <span class='ocrx_word' id='word_1_240' title='bbox 468 3375 677 3460; x_wconf 77' lang='lat' dir='ltr'><strong>inscriptione</strong></span> <span class='ocrx_word' id='word_1_241' title='bbox 699 3375 809 3442; x_wconf 88' lang='lat' dir='ltr'><strong>attulit</strong></span> <span class='ocrx_word' id='word_1_242' title='bbox 828 3375 1058 3440; x_wconf 82' lang='lat' dir='ltr'><em>ENHOAIA.</em></span> <span class='ocrx_word' id='word_1_243' title='bbox 1098 3374 1219 3441; x_wconf 84' lang='lat' dir='ltr'><strong>Hisne</strong></span> <span class='ocrx_word' id='word_1_244' title='bbox 1240 3373 1424 3441; x_wconf 88' lang='lat' dir='ltr'><strong>Boeckhius</strong></span> <span class='ocrx_word' id='word_1_245' title='bbox 1446 3375 1515 3460; x_wconf 88' lang='lat' dir='ltr'><strong>qui·</strong></span> 
     </span>
     <span class='ocr_line' id='line_1_28' title="bbox 347 3482 1516 3570; baseline -0.001 -21"><span class='ocrx_word' id='word_1_246' title='bbox 347 3483 420 3549; x_wconf 89' lang='lat' dir='ltr'><strong>dem</strong></span> <span class='ocrx_word' id='word_1_247' title='bbox 440 3483 548 3569; x_wconf 85' lang='lat' dir='ltr'><strong>(Goip.</strong></span> <span class='ocrx_word' id='word_1_248' title='bbox 567 3483 660 3551; x_wconf 80' lang='lat' dir='ltr'><strong>inser.</strong></span> <span class='ocrx_word' id='word_1_249' title='bbox 681 3482 699 3549; x_wconf 95' lang='grc' dir='ltr'><strong>Ι</strong></span> <span class='ocrx_word' id='word_1_250' title='bbox 716 3507 748 3570; x_wconf 89' lang='lat' dir='ltr'><strong>p.</strong></span> <span class='ocrx_word' id='word_1_251' title='bbox 767 3487 820 3567; x_wconf 87' lang='grc'><strong>13)</strong></span> <span class='ocrx_word' id='word_1_252' title='bbox 849 3482 965 3548; x_wconf 90' lang='lat' dir='ltr'><strong>habuit</strong></span> <span class='ocrx_word' id='word_1_253' title='bbox 986 3482 1075 3567; x_wconf 92' lang='lat' dir='ltr'><strong>quod</strong></span> <span class='ocrx_word' id='word_1_254' title='bbox 1096 3483 1229 3549; x_wconf 78' lang='lat' dir='ltr'><strong>adderet</strong></span> <span class='ocrx_word' id='word_1_255' title='bbox 1253 3486 1379 3567; x_wconf 88' lang='lat' dir='ltr'><strong>praeter</strong></span> <span class='ocrx_word' id='word_1_256' title='bbox 1406 3506 1516 3549; x_wconf 84' lang='lat' dir='ltr'><strong>exem-</strong></span> 
     </span>
    </p>
   </div>
   <div class='ocr_carea' id='block_1_6' title="bbox 346 3584 1515 3784">
    <p class='ocr_par' dir='ltr' id='par_1_8' title="bbox 346 3584 1515 3784">
     <span class='ocr_line' id='line_1_29' title="bbox 346 3584 1515 3676; baseline 0.002 -21"><span class='ocrx_word' id='word_1_257' title='bbox 346 3591 436 3676; x_wconf 88' lang='lat' dir='ltr'><strong>plum</strong></span> <span class='ocrx_word' id='word_1_258' title='bbox 449 3612 551 3656; x_wconf 89' lang='lat' dir='ltr'><strong>unum</strong></span> <span class='ocrx_word' id='word_1_259' title='bbox 570 3591 950 3655; x_wconf 79' lang='grc' dir='ltr'><em>ΤΡΙΗΕΜΙΠΟΔΙΟΣ</em></span> <span class='ocrx_word' id='word_1_260' title='bbox 960 3591 995 3676; x_wconf 81' lang='lat' dir='ltr'><strong>(i.</strong></span> <span class='ocrx_word' id='word_1_261' title='bbox 1006 3613 1033 3656; x_wconf 93' lang='lat' dir='ltr'><strong>e.</strong></span> <span class='ocrx_word' id='word_1_262' title='bbox 1047 3584 1314 3676; x_wconf 79' lang='grc' dir='ltr'><em>τριήμιποδίοος,</em></span> <span class='ocrx_word' id='word_1_263' title='bbox 1332 3588 1410 3657; x_wconf 75' lang='lat' dir='ltr'><strong>cin.</strong></span> <span class='ocrx_word' id='word_1_264' title='bbox 1424 3588 1515 3658; x_wconf 86' lang='grc'><strong>1322</strong></span> 
     </span>
     <span class='ocr_line' id='line_1_30' title="bbox 346 3698 1515 3784; baseline 0 -21"><span class='ocrx_word' id='word_1_265' title='bbox 346 3698 401 3763; x_wconf 91' lang='lat' dir='ltr'><strong>lin.</strong></span> <span class='ocrx_word' id='word_1_266' title='bbox 426 3698 492 3782; x_wconf 78' lang='lat' dir='ltr'>12&gt;z</span> <span class='ocrx_word' id='word_1_267' title='bbox 513 3699 601 3782; x_wconf 91' lang='lat' dir='ltr'><strong>quod</strong></span> <span class='ocrx_word' id='word_1_268' title='bbox 617 3701 747 3783; x_wconf 91' lang='lat' dir='ltr'><strong>quidem</strong></span> <span class='ocrx_word' id='word_1_269' title='bbox 761 3721 800 3764; x_wconf 83' lang='lat' dir='ltr'><strong>ex</strong></span> <span class='ocrx_word' id='word_1_270' title='bbox 818 3699 1028 3784; x_wconf 82' lang='lat' dir='ltr'><strong>inscriptione</strong></span> <span class='ocrx_word' id='word_1_271' title='bbox 1041 3698 1176 3764; x_wconf 82' lang='lat' dir='ltr'><strong>Euclide</strong></span> <span class='ocrx_word' id='word_1_272' title='bbox 1197 3698 1377 3783; x_wconf 79' lang='lat' dir='ltr'><strong>antiquiore</strong></span> <span class='ocrx_word' id='word_1_273' title='bbox 1397 3699 1515 3764; x_wconf 49' lang='lat' dir='ltr'><strong>esim&amp;</strong></span> 
     </span>
    </p>
   </div>
   <div class='ocr_carea' id='block_1_7' title="bbox 346 3862 1520 4440">
    <p class='ocr_par' dir='ltr' id='par_1_9' title="bbox 346 3862 1516 4189">
     <span class='ocr_line' id='line_1_31' title="bbox 414 3862 1515 3935; baseline 0 -17"><span class='ocrx_word' id='word_1_274' title='bbox 414 3867 452 3908; x_wconf 77' lang='lat'><strong>²³²</strong></span> <span class='ocrx_word' id='word_1_275' title='bbox 485 3862 666 3920; x_wconf 81' lang='lat' dir='ltr'><strong>Memorabile</strong></span> <span class='ocrx_word' id='word_1_276' title='bbox 677 3881 744 3921; x_wconf 84' lang='lat' dir='ltr'><strong>sane</strong></span> <span class='ocrx_word' id='word_1_277' title='bbox 757 3865 832 3935; x_wconf 89' lang='lat' dir='ltr'><strong>quod</strong></span> <span class='ocrx_word' id='word_1_278' title='bbox 845 3865 921 3921; x_wconf 88' lang='lat' dir='ltr'><strong>inter</strong></span> <span class='ocrx_word' id='word_1_279' title='bbox 936 3882 970 3920; x_wconf 83' lang='lat' dir='ltr'><strong>ea</strong></span> <span class='ocrx_word' id='word_1_280' title='bbox 986 3864 1124 3919; x_wconf 86' lang='lat' dir='ltr'><strong>vocabula</strong></span> <span class='ocrx_word' id='word_1_281' title='bbox 1135 3880 1207 3933; x_wconf 85' lang='lat' dir='ltr'><strong>quae</strong></span> <span class='ocrx_word' id='word_1_282' title='bbox 1220 3862 1319 3919; x_wconf 86' lang='lat' dir='ltr'><strong>Latine</strong></span> <span class='ocrx_word' id='word_1_283' title='bbox 1338 3881 1401 3918; x_wconf 91' lang='lat' dir='ltr'><strong>cum</strong></span> <span class='ocrx_word' id='word_1_284' title='bbox 1418 3881 1515 3935; x_wconf 85' lang='lat' dir='ltr'><strong>aspero</strong></span> 
     </span>
     <span class='ocr_line' id='line_1_32' title="bbox 346 3947 1516 4019; baseline -0.002 -16"><span class='ocrx_word' id='word_1_285' title='bbox 346 3948 446 4019; x_wconf 76' lang='lat' dir='ltr'><strong>spiritu</strong></span> <span class='ocrx_word' id='word_1_286' title='bbox 468 3949 615 4005; x_wconf 75' lang='lat' dir='ltr'><strong>scribenda</strong></span> <span class='ocrx_word' id='word_1_287' title='bbox 637 3948 695 4004; x_wconf 79' lang='lat' dir='ltr'><strong>sint</strong></span> <span class='ocrx_word' id='word_1_288' title='bbox 710 3948 827 4016; x_wconf 82' lang='lat' dir='ltr'><strong>Wolfiua</strong></span> <span class='ocrx_word' id='word_1_289' title='bbox 849 3949 932 4004; x_wconf 83' lang='lat' dir='ltr'><strong>Anal.</strong></span> <span class='ocrx_word' id='word_1_290' title='bbox 953 3948 1007 4004; x_wconf 85' lang='lat' dir='ltr'><strong>litt.</strong></span> <span class='ocrx_word' id='word_1_291' title='bbox 1031 3949 1087 4019; x_wconf 94' lang='lat' dir='ltr'><strong>lp.</strong></span> <span class='ocrx_word' id='word_1_292' title='bbox 1106 3953 1155 4004; x_wconf 85' lang='grc'><strong>306</strong></span> <span class='ocrx_word' id='word_1_293' title='bbox 1178 3948 1260 4004; x_wconf 80' lang='lat' dir='ltr'><strong>affert</strong></span> <span class='ocrx_word' id='word_1_294' title='bbox 1281 3947 1418 4016; x_wconf 73' lang='lat' dir='ltr'><strong>enhydris.</strong></span> <span class='ocrx_word' id='word_1_295' title='bbox 1456 3948 1516 4001; x_wconf 82' lang='lat' dir='ltr'><strong>Iam</strong></span> 
     </span>
     <span class='ocr_line' id='line_1_33' title="bbox 347 4031 1515 4105; baseline -0.001 -17"><span class='ocrx_word' id='word_1_296' title='bbox 347 4032 442 4088; x_wconf 84' lang='lat' dir='ltr'><strong>confer</strong></span> <span class='ocrx_word' id='word_1_297' title='bbox 460 4032 596 4089; x_wconf 82' lang='lat' dir='ltr'><strong>Boeckhii</strong></span> <span class='ocrx_word' id='word_1_298' title='bbox 612 4033 699 4090; x_wconf 82' lang='lat' dir='ltr'><strong>verba</strong></span> <span class='ocrx_word' id='word_1_299' title='bbox 715 4032 734 4088; x_wconf 90' lang='lat' dir='ltr'><strong>l.</strong></span> <span class='ocrx_word' id='word_1_300' title='bbox 752 4033 769 4091; x_wconf 91' lang='lat' dir='ltr'><strong>l.</strong></span> <span class='ocrx_word' id='word_1_301' title='bbox 788 4051 815 4105; x_wconf 89' lang='lat' dir='ltr'><strong>p.</strong></span> <span class='ocrx_word' id='word_1_302' title='bbox 833 4039 878 4090; x_wconf 76' lang='lat'><strong>44:</strong></span> <span class='ocrx_word' id='word_1_303' title='bbox 900 4034 1061 4102; x_wconf 75' lang='lat' dir='ltr'><strong>„Postremo</strong></span> <span class='ocrx_word' id='word_1_304' title='bbox 1083 4033 1158 4101; x_wconf 89' lang='lat' dir='ltr'><strong>quod</strong></span> <span class='ocrx_word' id='word_1_305' title='bbox 1175 4032 1205 4086; x_wconf 93' lang='lat' dir='ltr'><strong>in</strong></span> <span class='ocrx_word' id='word_1_306' title='bbox 1222 4031 1382 4088; x_wconf 80' lang='lat' dir='ltr'><strong>lithostroto</strong></span> <span class='ocrx_word' id='word_1_307' title='bbox 1400 4031 1515 4087; x_wconf 80' lang='lat' dir='ltr'><strong>Praene</strong></span> 
     </span>
     <span class='ocr_line' id='line_1_34' title="bbox 346 4115 1475 4189; baseline -0.001 -17"><span class='ocrx_word' id='word_1_308' title='bbox 346 4116 421 4172; x_wconf 77' lang='lat' dir='ltr'><strong>atino</strong></span> <span class='ocrx_word' id='word_1_309' title='bbox 438 4119 481 4171; x_wconf 78' lang='lat' dir='ltr'><strong>est</strong></span> <span class='ocrx_word' id='word_1_310' title='bbox 498 4118 699 4173; x_wconf 83' lang='grc' dir='ltr'><em>ΕΝΗΥΔΡΙΣ</em></span> <span class='ocrx_word' id='word_1_311' title='bbox 713 4117 818 4189; x_wconf 77' lang='lat' dir='ltr'><strong>largior</strong></span> <span class='ocrx_word' id='word_1_312' title='bbox 834 4118 955 4189; x_wconf 79' lang='lat' dir='ltr'><strong>potuisse</strong></span> <span class='ocrx_word' id='word_1_313' title='bbox 974 4135 1008 4174; x_wconf 87' lang='lat' dir='ltr'><strong>ex</strong></span> <span class='ocrx_word' id='word_1_314' title='bbox 1029 4115 1127 4172; x_wconf 85' lang='lat' dir='ltr'><strong>Italico</strong></span> <span class='ocrx_word' id='word_1_315' title='bbox 1145 4134 1196 4171; x_wconf 77' lang='lat' dir='ltr'><strong>usu</strong></span> <span class='ocrx_word' id='word_1_316' title='bbox 1216 4115 1373 4173; x_wconf 84' lang='lat' dir='ltr'><strong>derivatum</strong></span> <span class='ocrx_word' id='word_1_317' title='bbox 1389 4121 1475 4172; x_wconf 81' lang='lat' dir='ltr'><strong>eose.“</strong></span> 
     </span>
    </p>

    <p class='ocr_par' dir='ltr' id='par_1_10' title="bbox 347 4200 1520 4440">
     <span class='ocr_line' id='line_1_35' title="bbox 413 4200 1520 4273; baseline -0.001 -16"><span class='ocrx_word' id='word_1_318' title='bbox 413 4201 470 4244; x_wconf 69' lang='lat'><strong>⁹³¹³·</strong></span> <span class='ocrx_word' id='word_1_319' title='bbox 488 4200 586 4271; x_wconf 80' lang='lat' dir='ltr'><strong>&lt;Nunc</strong></span> <span class='ocrx_word' id='word_1_320' title='bbox 607 4201 713 4273; x_wconf 73' lang='lat' dir='ltr'><strong>Corpus</strong></span> <span class='ocrx_word' id='word_1_321' title='bbox 738 4201 952 4273; x_wconf 78' lang='lat' dir='ltr'><strong>inscriptionum</strong></span> <span class='ocrx_word' id='word_1_322' title='bbox 973 4201 1131 4258; x_wconf 80' lang='lat' dir='ltr'><strong>Atticarum</strong></span> <span class='ocrx_word' id='word_1_323' title='bbox 1156 4202 1274 4273; x_wconf 75' lang='lat' dir='ltr'><strong>praebet</strong></span> <span class='ocrx_word' id='word_1_324' title='bbox 1300 4202 1520 4258; x_wconf 80' lang='grc' dir='ltr'><em>ΠΑΡΗΕΔΡΟΙ</em></span> 
     </span>
     <span class='ocr_line' id='line_1_36' title="bbox 347 4274 1517 4356; baseline 0.001 -18"><span class='ocrx_word' id='word_1_325' title='bbox 347 4283 475 4339; x_wconf 79' lang='grc'><strong>1111111.</strong></span> <span class='ocrx_word' id='word_1_326' title='bbox 495 4290 536 4348; x_wconf 84' lang='lat'><strong>11,</strong></span> <span class='ocrx_word' id='word_1_327' title='bbox 559 4285 822 4343; x_wconf 80' lang='grc' dir='ltr'><em>ΠΡΟΣΗΕΚΕΤΟ</em></span> <span class='ocrx_word' id='word_1_328' title='bbox 838 4275 1011 4356; x_wconf 75' lang='grc' dir='ltr'><em>ιιροοήιιὲτω</em></span> <span class='ocrx_word' id='word_1_329' title='bbox 1029 4287 1092 4342; x_wconf 82' lang='grc'><strong>110</strong></span> <span class='ocrx_word' id='word_1_330' title='bbox 1110 4286 1128 4342; x_wconf 87' lang='lat' dir='ltr'><strong>l</strong></span> <span class='ocrx_word' id='word_1_331' title='bbox 1149 4290 1193 4353; x_wconf 80' lang='lat'><strong>15,</strong></span> <span class='ocrx_word' id='word_1_332' title='bbox 1216 4286 1390 4341; x_wconf 78' lang='lat' dir='ltr'><strong><em>AHOPION</em></strong></span> <span class='ocrx_word' id='word_1_333' title='bbox 1405 4274 1517 4355; x_wconf 73' lang='grc' dir='ltr'><em>ᾰῶριον</em></span> 
     </span>
     <span class='ocr_line' id='line_1_37' title="bbox 347 4369 711 4440; baseline 0.005 -17"><span class='ocrx_word' id='word_1_334' title='bbox 347 4370 361 4423; x_wconf 93' lang='grc' dir='ltr'>Ι</span> <span class='ocrx_word' id='word_1_335' title='bbox 380 4375 425 4424; x_wconf 88' lang='grc'><strong>181</strong></span> <span class='ocrx_word' id='word_1_336' title='bbox 449 4370 466 4424; x_wconf 88' lang='lat'><strong>1.</strong></span> <span class='ocrx_word' id='word_1_337' title='bbox 487 4374 509 4435; x_wconf 86' lang='lat'><strong>1,</strong></span> <span class='ocrx_word' id='word_1_338' title='bbox 527 4369 583 4424; x_wconf 81' lang='lat' dir='ltr'><strong>alia</strong></span> <span class='ocrx_word' id='word_1_339' title='bbox 599 4371 711 4440; x_wconf 85' lang='lat' dir='ltr'><strong>panca.)</strong></span> 
     </span>
    </p>
   </div>
   <div class='ocr_carea' id='block_1_8' title="bbox 0 0 1718 4934">
    <p class='ocr_par' dir='ltr' id='par_1_11' title="bbox 0 0 1718 4934">
     <span class='ocr_line' id='line_1_38' title="bbox 0 0 1718 4934; baseline 0 0"><span class='ocrx_word' id='word_1_340' title='bbox 0 0 1718 4934; x_wconf 95' lang='lat' dir='ltr'><strong> </strong></span> 
     </span>
    </p>
   </div>
  </div>
 </body>
</html>
