3425 4934
366 321 406 384 82
447 313 483 369 11.
508 312 550 369 De
567 313 745 370 Aristarchea
760 313 961 369 vocabulorum
977 310 1186 367 Homerioornm
1201 309 1442 380 interpretatione.

490 476 634 563 έλθέμεν
655 473 716 545 οὑκ
737 475 917 545 ἐθέλουσιν
938 472 1094 564 ἐναντίαι,
1116 469 1203 543 ἄλλά
1226 473 1387 564 φέβονται

487 581 604 675 ἰληδὸν
623 579 838 653 πτώσσουσαι
860 580 924 652 άνά
945 580 1078 675 ῥωπήια
1099 579 1221 650 πυκνά·

487 686 534 773 eto
553 687 590 761 οἳ
608 687 672 759 ἀνὰ
693 688 899 777 πτολίεθρον
918 689 1100 777 ὑπέτρεσαν
1121 685 1261 777 ὄβριμον
1282 689 1385 772 ἄνδρα

486 795 691 890 μνησάμενοι
710 797 890 885 προτέρων,
913 795 1050 867 ὁπόσων
1070 794 1141 867 άπὸ
1163 797 1275 884 θυμὸν
1293 793 1409 886 ἴαψεν.

365 908 551 976 Transitum
564 910 687 975 factum
699 911 878 976 videmusa
898 908 1100 976 retractando
1122 908 1163 974 ad
1184 908 1426 974 detrectandum
1445 907 1531 992 peri-

365 1017 472 1082 culum
494 1040 512 1083 e
533 1017 714 1104 longinquo
735 1017 896 1084 minitans
932 1015 1147 1084 Callimachus
1167 1015 1205 1082 fr.
1218 1013 1318 1081 LXXI
1332 1014 1531 1081 Simonidem

365 1129 552 1207 querentem
572 1125 696 1190 inducit
717 1124 757 1190 de
777 1124 895 1190 tumuli
916 1124 966 1189 sui
987 1145 1146 1190 eversoret
1178 1116 1251 1188 οὐδ’
1275 1117 1391 1205 ὑμέας,
1415 1114 1531 1185 Πολύ-

365 1228 494 1315 δευκες,
524 1225 713 1316 ὑπέτρεσεν,
750 1230 787 1297 οῗ
806 1254 850 1312 με
873 1226 1049 1314 μελάθρου
1073 1226 1254 1314 μέλλοντος
1276 1225 1413 1295 πίπτειν
1438 1222 1533 1304 ἐκτὸς

364 1331 495 1402 ἔθεσθέ
518 1360 601 1403 ποτε
626 1379 666 1390 -
694 1339 725 1404 h
747 1361 773 1407 e.
804 1362 871 1405 non
894 1340 1026 1406 recessit
1051 1340 1092 1405 ab
1118 1338 1218 1424 impio
1238 1339 1381 1404 facinore
1401 1340 1534 1423 propter

364 1444 542 1529 periculum
568 1446 718 1512 metoche
746 1447 950 1513 aDioscuris
977 1469 1111 1534 poenae.
1151 1446 1302 1512 Dixeram
1328 1466 1436 1530 supra:
1464 1445 1536 1524 τρεῖ

364 1549 420 1616 ille
435 1551 491 1635 qui
510 1553 653 1637 periculo
670 1558 822 1639 percepto
843 1553 985 1620 volvero
1006 1555 1057 1620 vel
1076 1553 1153 1618 ficto
1174 1552 1270 1618 celeri
1284 1553 1427 1638 corporis
1441 1555 1533 1616 motu

364 1661 524 1724 retractet
563 1658 678 1725 Potest
698 1660 789 1740 addi,
815 1683 854 1726 ex
875 1660 1017 1727 Homero
1044 1660 1130 1727 enim
1156 1660 1293 1726 addendi
1319 1661 1444 1725 occasio
1465 1678 1532 1722 non

366 1767 442 1845 erat,
463 1764 514 1829 vel
533 1771 701 1850 praesente
721 1767 883 1833 ueletiam
903 1770 965 1835 loci
986 1767 1179 1854 temporisve
1200 1767 1305 1852 spatio
1327 1768 1469 1832 absente.

836 1974 1068 1983 ..ῥᾴ-

321 2202 353 2253 ⁸2
892 2178 1009 2249 Θὺειν

367 2354 521 2417 nusquam
541 2332 631 2418 apud
649 2333 823 2398 Homerica
851 2333 968 2398 decor
992 2334 1031 2399 de
1055 2334 1245 2400 ιὐυυοίσνιάσ
1269 2333 1386 2418 esee,
1414 2332 1473 2398 ced
1495 2332 1535 2396 de

527 2438 696 2522 offerendsh
717 2432 893 2525 ἀπαρχαῖς,
918 2456 948 2507 τι
967 2436 1096 2529 θυηλαί
1112 2457 1187 2510 ειωιι
1208 2434 1366 2526 άπαρχαί.

448 2607 541 2672 1219
558 2605 672 2668 θεοῖσι
695 2599 732 2669 δὲ
752 2607 856 2671 θῦσαι
877 2599 996 2692 ἀνώγει
1017 2603 1215 2691 Πάτροκλον
1236 2596 1275 2673 ὃν
1293 2600 1435 2691 ἑταῖρον·
1457 2601 1476 2673 ὑ
1499 2600 1532 2671 δ’

366 2706 402 2775 ἐν
429 2706 510 2794 πυρὶ
537 2702 644 2792 βάλλε
670 2705 816 2799 θυηλάςε
846 2706 879 2802 (ἡ
904 2712 1021 2804 διπλῆ)
1042 2710 1097 2782 ὅτι
1121 2718 1229 2781 θῦσαι
1256 2707 1294 2780 οὑ
1316 2712 1443 2802 σφάξαι
1449 2694 1473 2798 ‚⁴
1487 2708 1535 2791 (ὑς

366 2817 440 2898 (hoc
461 2818 546 2882 enim
573 2817 791 2905 inserendum)
819 2815 838 2887 ὑ
864 2817 1035 2904 Τιμόθεος
1060 2816 1230 2908 ὑπέλαβεν
1256 2818 1313 2888 καὶ
1344 2815 1531 2900 Φιλόξενος,

365 2918 491 3004 ὁμοίως
510 2927 550 3013 τῇ
571 2917 713 3012 ὑμετέρα
732 2922 905 3016 συνηθείᾳ,
929 2921 1018 2995 άλλὺ
1039 2933 1216 3013 θυμιᾶσαι.
1251 2927 1309 2996 καί
1328 2925 1382 2997 ὅτι
1403 2927 1535 3014 θυηλὰς

363 3028 425 3107 τὰς
441 3025 671 3113 έπιθυομένας
691 3025 856 3115 άπαρχάς·
878 3033 937 3101 καί
957 3033 992 3101 έν
1009 3028 1186 3125 Ὀδυσσείᾳ
1206 3038 1240 3121 (ξ
1250 3042 1324 3123 446)
1346 3026 1393 3126 „oi
1415 3038 1457 3119 ῥα
1478 3034 1535 3100 καῖ

365 3129 516 3221 άργματα
531 3139 616 3202 θῦσε
629 3141 727 3216 θεοῖς
751 3133 1021 3230 αἰειγενέτῃσινέί.
1056 3144 1225 3231 Significat
1238 3144 1446 3211 Timotheum
1467 3145 1533 3209 sive

364 3244 522 3310 comicum
557 3244 623 3312 site
656 3247 932 3332 dithyramborum
964 3251 1152 3335 scriptorem
1183 3257 1217 3318 et
1251 3251 1466 3318 Philoxenum
1497 3252 1533 3315 in

364 3351 558 3417 carminibus
584 3353 651 3419 suis
672 3356 831 3438 parodicis
852 3356 893 3421 ad
914 3358 1070 3442 quosdam
1096 3358 1185 3424 locos
1206 3358 1396 3426 Homericos
1416 3360 1462 3424 ita
1482 3380 1534 3423 re·

364 3458 505 3543 spexisse
532 3463 569 3524 ut
608 3461 642 3524 in
671 3460 734 3527 illis
770 3463 876 3527 θῦσαι
907 3463 1040 3551 vulgata
1070 3464 1185 3531 deinde
1216 3466 1450 3551 significatione
1475 3467 1534 3531 τοῦ

364 3559 492 3651 σφάξαι
507 3562 547 3629 τὰ
569 3559 672 3648 ἱερεῖα
693 3569 853 3653 accepisse
875 3576 1051 3657 appareret
1085 3571 1131 3637 Et
1151 3572 1190 3637 de
1205 3570 1383 3643 Philoxeno
1405 3573 1534 3658 quidem

363 3692 402 3737 ex
423 3670 541 3738 Suidae
565 3671 639 3739 loco
665 3696 691 3740 ε.
713 3669 839 3753 ἔθυσας
864 3677 962 3762 paulo
988 3679 1106 3744 certius
1129 3679 1270 3746 divinme
1292 3680 1380 3745 licet:
1408 3673 1536 3756 ἔθυσας

363 3772 540 3867 άντιθὺση·
578 3783 677 3847 τοῦτο
703 3781 797 3867 παρὰ
828 3782 999 3871 Φιλοξένῳ
1026 3779 1044 3851 ὃ
1072 3780 1227 3873 Κύκλωψ
1253 3783 1342 3871 λέγει
1366 3783 1453 3872 πρὸς
1476 3784 1534 3854 τὸν

359 3877 535 3952 Ὀδυσσέα·
558 3877 800 3969 άπειιδέχονται
820 3888 882 3978 γάρ
906 3892 950 3976 (h.
970 3916 996 3960 e
1017 3892 1099 3959 falso
1121 3894 1291 3981 accipiunt,
1312 3918 1342 3963 v.
1365 3887 1533 3982 άπεκδοχή

361 3994 448 4078 apud
465 3992 661 4062 Nicanorem
682 3996 722 4069 ud
742 3996 860 4082 5500)
881 3995 919 4066 τὸ
942 3994 1028 4065 ἔνθα
1050 3997 1088 4065 δέ
1110 4005 1177 4086 πῦρ
1198 3999 1345 4081 κείαντες
1366 3999 1534 4085 ἐθύσαμεν

362 4098 388 4176 (ι
409 4103 483 4183 231)
509 4100 602 4186 παρὰ
627 4106 675 4189 τῷ
700 4107 824 4193 ποιητῇ
848 4098 1007 4193 εἰρῆσθαι
1030 4105 1087 4172 έπί
1107 4112 1174 4174 τῶν
1195 4102 1319 4195 άρνιῖν,
1344 4103 1417 4193 crixi
1438 4107 1476 4176 δέ
1495 4107 1534 4176 τὸ

362 4200 580 4291 άπεθὺσαμεν
607 4212 772 4278 νοεῖσθαι.
811 4211 913 4281 Recte
939 4215 1089 4281 emendat
1108 4215 1325 4283 Bernhardius
1345 4215 1384 4286 τὸ
1406 4214 1533 4283 ἐπεθυ-

360 4309 528 4397 μιάσαμεν
554 4317 605 4382 vel
627 4314 874 4403 ἐθυμιάσαμεν,
901 4321 1008 4405 ipsum
1035 4323 1090 4388 ille
1112 4323 1243 4390 Suidam
1269 4325 1405 4392 afferens
1427 4328 1534 4391 θῦσαι
