3425 4934
340 307 399 371 138
425 300 458 356 11.
487 299 529 356 De
550 299 725 356 Aristarches
742 299 944 357 vocabulorum
960 298 1170 357 Homericonum
1187 300 1428 372 interpretatione.

693 531 944 600 Μέλπεσθαι
966 540 1000 602 et
1019 531 1153 623 μολπή

337 710 464 773 semper
483 686 587 754 voluit
609 688 695 773 apud
715 687 894 753 Homerum
916 688 1036 754 dictum
1058 710 1128 754 esse
1152 688 1190 753 de
1211 687 1298 768 ludo,
1318 692 1352 755 et
1372 691 1508 757 maxime

338 795 377 861 da
397 795 472 862 lusu
493 794 683 878 saltationis,
704 818 770 862 non
794 794 832 860 de
853 798 961 863 cantu.
990 795 1039 861 De
1060 795 1111 860 his
1132 795 1204 862 vide
1218 794 1509 877 Friedlaendcrum,

337 926 357 967 a
382 926 447 987 quo
474 903 568 969 uobis
594 903 702 968 omnia
726 901 779 968 hic
800 903 940 988 petendu
961 907 1049 982 sunt,
1076 903 1116 967 ad
1137 903 1357 970 Aristonicum
1378 908 1417 970 A
1438 913 1508 974 471.

336 1011 389 1076 Ad
405 1007 424 1089 ζ
439 1017 494 1079 101
510 1011 573 1075 hoe
594 1009 741 1077 scholion
762 1009 930 1089 habemus,
952 1011 1040 1096 quod
1060 1010 1113 1075 vix
1135 1009 1346 1077 dubitandum
1361 1017 1411 1078 est
1431 1013 1509 1099 quin

321 1117 557 1183 >Aristonicum
578 1116 708 1183 referat:
728 1119 804 1206 τῇσι
825 1113 863 1183 δέ
877 1110 1055 1182 Ναυσικάα
1078 1109 1278 1195 λευκώλενος
1299 1112 1415 1205 ἤρχετο
1429 1121 1509 1203 μολ·

338 1227 420 1310 πῇςι
442 1220 640 1307 μεταβαλὼν
661 1224 724 1306 (vel
737 1225 848 1310 potius
868 1221 1078 1309 μεταλαβὼν)
1099 1222 1137 1291 τὸ
1160 1223 1387 1315 ,προείρηταί
1408 1221 1440 1293 δ’
1457 1222 1508 1314 άρ)

336 1325 502 1411 έπαιζον“
517 1333 603 1418 (100)
617 1320 692 1397 εἷπε
705 1335 807 1422 ,,τῇσι
825 1329 863 1398 δέ
877 1326 1054 1398 Ναυσικάα
1077 1327 1277 1411 λευκώλενος
1295 1328 1412 1421 ἤρχετο
1429 1334 1511 1417 μολ-

337 1441 440 1526 πῇςῑῑ,
462 1441 577 1505 πᾶσαν
598 1437 742 1504 παιδιάν
760 1439 896 1528 μολπὴν
913 1438 1028 1524 λέγων.
1058 1436 1090 1506 οἱ
1112 1436 1149 1505 δέ
1169 1434 1322 1526 νεώτεροι
1336 1438 1394 1528 τὴν
1408 1435 1508 1530 ᾠδήν.

336 1541 390 1613 ὅτι
410 1540 447 1612 δέ
467 1538 529 1612 οὐκ
550 1535 669 1635 ῇδενι)
693 1542 882 1632 Ναυσικάα,
905 1540 977 1613 ἀλλ’
998 1542 1185 1636 ἐσφαίριζε,
1208 1547 1306 1635 δηλοῖ
1324 1547 1363 1614 τὸ
1383 1554 1509 1639 ,,σφαῖ-

335 1677 397 1738 ραν
418 1647 521 1720 ἔπειτ’
544 1648 662 1744 έῤῥιψε
681 1647 750 1737 μετ’
775 1647 973 1745 ἀμφίπολον
996 1651 1178 1737 βασίλεια(ί
1200 1658 1295 1740 (115).
1310 1694 1351 1705 —-
1367 1657 1508 1725 Anston.

336 1763 377 1830 cd
398 1760 419 1826 δ
442 1769 480 1831 19
499 1759 636 1848 μολπῆς
657 1756 865 1847 ἐξάρχοντεςι
888 1758 941 1829 ὅτι
966 1755 1003 1829 οὗ
1028 1761 1090 1852 τὴν
1116 1755 1219 1852 ᾠδήν,
1241 1756 1328 1829 ἀλλὰ
1349 1763 1407 1852 τὴν
1428 1788 1510 1830 παι·

188 1908 193 1919 .
273 1876 321 1927 1aa
342 1864 436 1954 γνίαν
467 1866 556 1954 λέγει
583 1865 677 1935 οὕτω.
721 1868 807 1955 πρὸς
830 1869 869 1937 τὸ
896 1867 1101 1954 ,μέλποντες
1122 1863 1324 1956 Ἑκάεργον(
1351 1876 1403 1957 (Α
1423 1878 1509 1955 474)

337 1974 395 2043 καὶ
414 1975 477 2063 γάρ
495 1980 627 2057 ,μονῶν
646 1974 860 2066 μέλπηθρα11
883 1983 931 2065 (N
942 1985 1012 2048 233.
1035 1981 1073 2046 cf.
1096 1982 1205 2049 Pras.
1226 1983 1347 2065 2179).
1369 1982 1511 2047 Ariston.

336 2088 376 2153 A
390 2093 450 2155 474
466 2080 498 2152 ot
520 2082 558 2151 δέ
576 2081 778 2173 πανημέριοι
798 2086 915 2177 μολπῇ
935 2084 1018 2153 θεὸν
1036 2081 1212 2153 ἱλάσκοντο
1226 2084 1330 2153 καλὸν
1344 2082 1512 2165 ἀείδοντες

336 2187 487 2280 παιήονα
523 2196 638 2278 κοῦροι
665 2185 824 2279 Ἀχαιῶν,
860 2190 1044 2277 μέλποντες
1064 2189 1252 2279 Ἑκάεργον·
1284 2188 1302 2261 ὁ
1334 2192 1372 2261 δέ
1404 2191 1510 2286 φρένα

336 2295 463 2386 τέρπετ’
494 2295 634 2368 άκοέιον.
682 2302 736 2368 Ad
767 2302 917 2369 ultimum
950 2303 1051 2389 igitur
1083 2323 1224 2369 versum:
1255 2295 1430 2369 άθετεῖται
1459 2298 1510 2370 ὅτι

339 2401 477 2492 νομίσας
509 2431 562 2489 τις
590 2406 649 2476 τὸν
678 2401 878 2475 Ἀπόλλωνα
915 2408 1073 2498 Παιήονα
1107 2403 1268 2496 εἰρῆσθαι
1301 2407 1513 2499 προσέθηκεν

339 2509 447 2584 αὐτόν.
489 2511 693 2601 καὶγίνεται
719 2509 928 2602 δισσολογία·
956 2512 1151 2605 προείρηται
1177 2517 1239 2603 γὰρ
1263 2512 1323 2597 „oi
1350 2514 1387 2584 δέ
1408 2542 1512 2606 πανη-

336 2622 451 2710 μέριοι
469 2622 585 2714 μολπῇ
605 2622 691 2690 θεὸν
714 2617 928 2693 ἲλάσκοντο“.
970 2626 1043 2693 Ηοο
1064 2649 1150 2693 nuno
1171 2627 1378 2713 inspicientes
1399 2627 1512 2693 memi-

337 2737 444 2802 nimus
470 2734 599 2821 quidem
625 2733 739 2800 eodem
766 2732 864 2800 modo
891 2733 1008 2799 lectum
1036 2757 1105 2800 esse
1133 2760 1153 2801 a
1173 2735 1346 2802 scholiasta
1365 2732 1511 2821 Dionysii

338 2866 470 2932 gramm.
485 2865 516 2929 p.
534 2847 635 2922 73⁷‚3
652 2835 755 2905 πάλιν
771 2833 919 2922 ἀλλαχοῦ
934 2837 1141 2923 ,μέλποντες
1152 2830 1366 2926 Ἕκάεργσν“.
1389 2839 1441 2906 δεῖ
1452 2837 1511 2905 τὸν

338 2945 447 3031 στίχον
473 2951 588 3016 τοῦτον
617 2940 789 3032 δβελίζειν.
830 2944 989 3031 μένοντος
1017 2946 1079 3035 γὰρ
1107 2942 1210 3016 αὐτοῦ
1240 2944 1364 3033 γίνεται
1390 2941 1511 3029 άκυρος

339 3050 548 3142 δισσολογία·
571 3049 768 3143 προείρηται
788 3053 849 3141 γὰρ
874 3051 932 3134 „oi
952 3053 988 3121 δέ
1002 3054 1204 3144 πανημέριοι
1217 3055 1332 3145 μολπῇ
1345 3054 1427 3121 θεὸν
1440 3049 1510 3119 ἱλά-

339 3174 496 3232 σκοντοίέ
517 3166 574 3231 sed
595 3169 703 3232 λοοιεο
718 3163 856 3231 debebat
872 3166 981 3235 scribi:
1003 3160 1200 3251 apostoncae
1221 3161 1283 3249 γάρ
1299 3160 1427 3242 ,μολὸν
1442 3156 1510 3227 oisi-

339 3273 451 3352 δοντες
478 3265 657 3359 παιηονσεὶ
703 3271 844 3352 Deinde,
873 3273 960 3358 quod
986 3273 1128 3359 ρζτονὶοε,
1156 3278 1194 3339 ut
1218 3296 1238 3338 ε
1264 3271 1510 3338 Friedlaendero

337 3383 512 3461 monitum,
542 3386 677 3467 apparet
701 3381 839 3448 alterum
865 3385 1065 3449 momentum
1087 3381 1242 3447 excidisse
1264 3381 1352 3466 quod
1370 3375 1512 3461 μέλπειν

337 3513 397 3580 pro
419 3481 546 3554 ἀείδειν
568 3489 687 3556 dictum
715 3493 808 3556 esset.
831 3527 871 3539 -
892 3490 1015 3558 Licebit
1036 3490 1136 3575 igitur
1159 3488 1197 3555 de
1218 3488 1424 3554 Aristarchea
1441 3486 1512 3572 opi·

338 3599 436 3664 uione
465 3597 546 3664 hsec
572 3598 637 3664 fere
664 3599 777 3666 dicere.
823 3602 852 3682 1)
874 3598 927 3663 Ad
948 3620 1019 3663 eam
1041 3620 1123 3682 quae
1144 3600 1259 3681 postea
1279 3596 1396 3661 horum
1417 3617 1512 3661 voca-

337 3704 489 3771 bulorum
514 3706 579 3772 iam
607 3706 682 3772 inde
711 3707 752 3773 ab
779 3705 923 3772 Hesiodo
950 3705 1016 3770 iere
1044 3703 1114 3770 sols
1139 3702 1241 3768 valuit
1263 3703 1457 3789 significatio
1478 3703 1512 3767 in

338 3811 480 3879 Homero
502 3814 598 3880 etiam
621 3814 808 3900 explicando
829 3836 951 3899 pronos
972 3811 1164 3891 inveniebat,
1185 3812 1232 3876 itn
1253 3814 1291 3877 ut
1305 3833 1378 3877 cnm
1393 3810 1513 3877 Nausi-

339 3910 428 3986 caam
449 3919 505 3988 illo
528 3920 601 3988 loco
621 3921 782 4006 Odysseae
803 3920 933 3987 famulis
953 3918 1090 4007 μολπῆς
1109 3912 1275 4003 ἄρχεσθαι
1296 3918 1443 4005 legerent
1461 3941 1513 3983 oe·

340 4029 456 4096 ciuisse
484 4052 538 4095 eas
558 4029 788 4113 intelligerent,
809 4029 892 4096 falso
913 4032 951 4096 ut
971 4028 1024 4094 hic
1043 4027 1137 4095 facile
1159 4027 1299 4115 patebat.
1340 4030 1372 4110 2)
1394 4026 1514 4092 Docuit

339 4138 441 4224 igitur
474 4137 670 4223 primitivam
706 4137 794 4204 vocis
829 4138 1099 4224 significationem
1134 4157 1204 4203 esse
1232 4136 1341 4222 potius
1368 4133 1511 4200 ludendi:

340 4246 427 4329 quod
449 4267 488 4311 ex
508 4244 664 4311 vocabulo
684 4239 869 4330 μέλπηθρα
890 4268 1052 4333 apparere,
1073 4246 1153 4311 item
1174 4245 1209 4310 in
1226 4242 1312 4330 pilea
1325 4240 1512 4319 Nausicaee,

340 4350 478 4439 denique
506 4351 540 4418 in
563 4352 755 4440 quibusdam
784 4352 938 4436 exemplis
960 4351 1141 4418 saltationis
1161 4350 1268 4417 lusum
1292 4347 1512 4423 offerentibus,
