3425 4934
453 343 478 398 5.
505 333 546 398 De
563 360 631 412 agro
649 341 769 399 Troiano
787 345 817 398 st
834 329 931 398 ordine
947 329 1069 397 navium.
1288 337 1348 411 223

181 517 250 576 655.
293 508 357 576 Sed
384 510 477 576 oliier
505 506 538 578 Ξ
561 517 601 578 75
629 512 705 596 νῆες
734 505 812 576 όσαι
837 511 970 594 πρῶται
995 503 1144 594 εἰρύαται
1174 501 1251 592 άγχι
1279 512 1348 572 θα-
1366 522 1414 574 226

180 609 320 702 λάσσης,
347 618 405 683 ubi
432 618 531 683 errori
553 622 587 684 et
607 618 839 684 senientisrum
857 639 958 682 noxus
980 619 1089 684 obstat
1110 622 1143 683 es
1164 618 1233 704 ipse
1254 620 1351 703 poeta

179 727 264 789 eavit
288 724 414 790 adiecto
440 717 530 807 άγχι
555 717 772 812 θαλάσσης.
795 764 835 773 -
863 729 931 792 Ζ4
954 719 985 813 (ἡ
1013 724 1132 811 διπλῆ)
1154 720 1206 791 ότι
1228 719 1263 789 ἐν
1281 725 1351 801 τοῖς

192 824 335 915 ’ρχαίοις
356 832 443 915 (fort.
461 828 496 896 έν
516 833 589 909 ταῖς
606 824 946 917 Ἀρισταρχείοιςῑωὴ
968 827 1150 918 ἐγέγραπτο
1165 828 1352 919 ,μεσσηγὺς

178 942 348 1022 ποταμοῖο
372 931 592 1023 Σκαμάνδρου
628 936 685 1005 καί
710 935 957 1027 στομαλίμηςίί,
995 937 1059 1005 διὸ
1093 937 1158 1006 καί
1192 936 1231 1006 έν
1264 941 1351 1015 τοῖς

178 1039 441 1134 ὑπομνήμασι
464 1042 636 1135 φέρεται.
660 1045 741 1138 [καὶ]
761 1043 927 1132 ὕστερον
953 1042 991 1113 δέ
1010 1045 1201 1133 περιπεσὼν
1222 1041 1350 1135 ἔγραψε

179 1151 366 1241 ,μεσσηγὺς
390 1150 570 1236 Σιμόεντος
595 1148 648 1220 ἰδέ
668 1149 824 1227 Ξάνθοιο
846 1150 991 1241 ῥοάωνῑί,
1014 1157 1085 1234 τοῖς
1105 1153 1168 1242 γὰρ
1190 1157 1250 1222 τοῦ
1270 1178 1349 1219 ναυ-

176 1256 333 1345 στάθμου
353 1253 475 1340 τόποις
495 1255 516 1349 ἡ
540 1260 650 1349 γραφὴ
670 1259 844 1352 συμφέρει,
869 1260 954 1349 πρὸς
975 1253 1032 1340 σός
1050 1262 1211 1347 μάχονται
1237 1267 1292 1348 (so.
1315 1265 1350 1329 hi

178 1393 289 1437 versus
313 1369 372 1436 ills
396 1370 534 1437 lectione
559 1375 707 1456 retenta).
737 1409 774 1420 -
804 1375 841 1434 H
864 1377 905 1440 22
930 1365 951 1457 ἡ
979 1370 1086 1459 διπλῆ
1111 1367 1166 1439 ὅτι
1190 1369 1257 1455 πρὸ
1283 1374 1350 1437 τῶν

178 1476 292 1542 πυλῶν
322 1474 383 1563 τὴν
413 1474 521 1566 φηγὸν
551 1472 672 1565 ταύτην
698 1473 974 1547 emissenam.
1017 1476 1083 1562 πρὸ
1110 1478 1242 1546 πολλοῦ
1267 1472 1348 1545 δέὸ

175 1576 353 1650 Ἀπόλλων
368 1582 454 1649 ἐστίν
468 1580 526 1649 ἐπὶ
538 1588 598 1672 τῆς
605 1577 794 1670 Περγάμου.
810 1589 850 1672 (P)
878 1591 900 1652 I
911 1593 971 1656 354
989 1579 1063 1651 ἀλλ’
1079 1582 1158 1653 δ’σον
1176 1583 1211 1664 ἐς
1223 1580 1352 1664 Σκαιάς

178 1713 214 1756 τε
235 1686 345 1769 πάλας
364 1689 422 1757 καί
443 1685 551 1780 φηγόν
571 1692 702 1759 ίκανενε
722 1692 846 1760 Σκαιαὶ
861 1692 898 1759 δέ
913 1692 970 1760 καί
983 1688 1174 1777 Δαρδάνιαι
1193 1687 1228 1758 αἱ
1242 1685 1350 1759 αὗταί.

179 1793 199 1885 ἡ
225 1795 262 1864 δέ
285 1797 362 1885 δρῦς
382 1798 450 1886 πρὸ
471 1803 531 1887 τῆς
549 1793 649 1867 Ἰλίου
671 1792 719 1888 ἦν.
753 1804 783 1866 Ε
802 1805 862 1872 789
885 1795 1048 1869 οάδέποτε
1071 1807 1179 1886 Τρῶες
1198 1798 1264 1882 πρὸ
1286 1825 1350 1865 πυ-

180 1901 270 1972 λάων
283 1902 506 1994 Δαρδανιάων
527 1901 711 1989 οίχνεσκονε
730 1912 795 1973 τῶν
808 1913 952 1975 Σκαιῶν·
975 1908 1056 1998 φησὶ
1077 1908 1139 1995 γάρ
1155 1901 1254 1988 ,ἀλλ’
1271 1905 1352 1975 όσον

180 2010 214 2093 ές
234 2009 361 2093 Σκαιάς
380 2038 416 2081 τε
436 2009 545 2094 πάλας
565 2013 623 2082 καί
637 2014 744 2106 φηγὸν
758 2016 908 2084 ἵκανονίί.
929 2018 1025 2105 (BL.)
1054 2023 1085 2081 Z
1096 2023 1157 2086 237
1171 2013 1295 2101 Ἕκτωρ
1317 2009 1348 2080 δ’

180 2117 226 2202 ῶς
250 2114 377 2202 Σκαιάς
410 2146 446 2189 τε
480 2118 589 2202 πάλας
614 2122 671 2189 καί
697 2122 803 2214 φηγὸν
835 2124 963 2191 ίκανενι
997 2118 1033 2211 (ἡ
1065 2122 1187 2212 διπλῆ)
1214 2121 1267 2190 ότι
1292 2122 1352 2201 τὰς

179 2228 309 2308 Σκαιάς
335 2223 544 2313 ὀνοματικῶς
564 2228 758 2318 Δαρδανίας
778 2230 878 2318 λέγει.
911 2238 949 2298 Χ
972 2240 991 2304 6
1009 2226 1111 2298 Ἰλίου
1132 2226 1353 2318 προπάροιθε

55 2357 61 2368 ·
180 2335 318 2405 πυλάων
337 2361 373 2404 τε
395 2331 567 2404 Σκαιάωνε
588 2336 623 2405 ἐν
644 2334 800 2429 άριστερᾷ
820 2345 887 2406 τοῦ·
899 2335 1026 2421 τείχους
1047 2334 1082 2405 αὶ
1099 2333 1205 2406 πάλαι
1226 2335 1351 2407 έκειντο

181 2469 218 2510 αι
202 2438 408 2514 δκαλοοντο
422 2445 613 2531 Δαρδανιαι
627 2449 697 2535 <Β>
721 2446 890 2537 (ἡδιπλή)
877 2452 995 2533 προς
1007 2471 1068 2527 τας
1081 2447 1209 2526 Σκαιας
1230 2454 1270 2515 Λ
1293 2456 1351 2518 166

180 2547 332 2641 ἡδιπλῆ
357 2552 443 2641 πρὸς
466 2553 503 2622 τὸ
530 2555 691 2641 περὶτοῦ
719 2549 935 2640 ναυστάθμου
962 2550 1205 2642 διάγραμμα·
1225 2554 1264 2625 τὸ
1287 2580 1349 2644 γαρ
1361 2563 1434 2632 (²3²)

169 2654 262 2728 Ἴλου
290 2665 382 2749 σῆμα
405 2659 490 2728 κατὰ
516 2660 621 2748 μέσον
645 2654 732 2729 εἶναί
759 2685 861 2752 φησιν
889 2661 995 2752 έντῳ
1020 2659 1139 2751 πεδίῳ.
1183 2668 1228 2729 M
1251 2673 1291 2735 22
1316 2660 1350 2752 (ἡ

180 2765 351 2856 διπλῆ)“’
330 2792 385 2836 οτι
410 2763 604 2859 ἀμφίβολον
628 2768 689 2853 μέν
715 2767 773 2837 ίπί
798 2767 944 2855 ποτέρου
970 2775 1036 2838 τῶν
1061 2776 1223 2856 ποταμῶν
1250 2772 1349 2858 λέγει,

177 2879 237 2942 τοῦ
257 2870 521 2961 Σκαμάνδροο“
497 2901 518 2964 η
540 2882 601 2945 τοῦ
620 2882 814 2962 Σιμαῦντος·
847 2876 981 2946 δεκτέον
999 2877 1036 2946 δε
1053 2876 1111 2945 έπί
1130 2884 1191 2947 τοῦ
1211 2885 1351 2964 Σιμοῦν-

177 3004 245 3060 τος·
268 2981 326 3049 διὰ
346 2981 450 3067 μέσον
474 2982 536 3071 γὰρ
558 2990 617 3052 τοῦ
635 2982 756 3054 πεδίου
776 2983 925 3076 φέρεται.
953 2984 1011 3053 καί
1025 2983 1077 3054 ὅτι
1095 2981 1219 3074 άνέγνω
1233 2984 1351 3057 Ἡσίο-

179 3091 239 3169 δος
258 3090 300 3158 τὰ
318 3086 473 3179 Ὃμήρου
495 3087 542 3171 ῶς
562 3087 604 3159 άν
625 3090 783 3178 νεώτερος
796 3090 930 3162 τούτου·
953 3089 990 3162 οὗ
1013 3093 1076 3181 γάρ
1091 3089 1260 3184 ἐξενήνοχε
1272 3096 1352 3175 τοὺς

178 3196 352 3282 ποταμοίς
370 3198 417 3287 μὴ
442 3193 539 3281 ὄντας
560 3195 768 3288 ἀξιολόγους,
792 3197 887 3291 εἰμὴ
914 3197 956 3270 δι’
973 3199 1131 3291 Ὅμηρον.
1162 3202 1281 3292 καὶτῷ
1294 3208 1351 3270 Σι-

177 3311 293 3390 μοῦντι
306 3304 520 3396 προσέθηκεν
534 3306 695 3377 έπίθετον
708 3310 747 3378 τὸ
763 3306 887 3391 ,,θεῖόν
899 3314 1260 3400 τεΣιμοῦντα“(ίΙιεος.
1268 3315 1351 3397 342).

179 3417 225 3479 Μ
243 3422 283 3485 66
303 3410 337 3504 (ἡ
355 3415 474 3505 διπλῆ)
496 3414 549 3484 ὅτι
569 3418 609 3485 τὸ
629 3417 779 3502 στένωμα
800 3418 838 3487 τὸ
862 3418 948 3486 κατὰ
968 3419 1029 3507 τὴν
1049 3415 1196 3507 γέφυραν
1216 3424 1275 3506 τῆς
1291 3414 1352 3485 τά·

180 3546 266 3608 φρου
288 3522 386 3608 λέγει.
428 3526 584 3595 Videmus
605 3528 707 3614 igitur
728 3551 803 3594 eum
822 3551 889 3596 non
910 3533 1038 3596 tantum
1058 3530 1093 3594 in
1115 3528 1352 3595 commentariis

180 3633 220 3698 de
242 3632 435 3701 Graecorum
464 3635 632 3702 navalibus
664 3636 755 3702 locos
781 3638 956 3721 probantes
984 3641 1130 3720 notasse,
1156 3636 1213 3703 sed
1240 3639 1354 3722 postes

180 3741 277 3808 etism
307 3765 451 3809 seorsum
476 3745 556 3810 haee
582 3745 691 3810 omnis
718 3743 876 3830 singulari
905 3744 1123 3830 disputatione
1151 3744 1354 3829 complexum

180 3871 249 3914 esse
273 3854 305 3914 et
326 3851 484 3935 quaedam
504 3852 538 3916 in
561 3853 679 3937 quibus
700 3851 761 3916 sibi
783 3874 905 3918 errasse
920 3853 1084 3918 videretur
1098 3852 1283 3919 correxisse.
1305 3853 1352 3920 Of.

178 3959 306 4041 praeter
329 3956 419 4025 locos
445 3959 510 4024 ism
536 3961 731 4026 memoratos
753 3959 819 4025 seh.
840 3959 868 4023 Ο
890 3965 950 4027 449
973 3952 1176 4024 άθετοῦνται
1192 3953 1301 4039 στίχοι
1321 3954 1349 4042 γ’

247 4157 304 4200 1⁴⁰·
322 4156 397 4228 <Non
414 4156 550 4212 feliciores
567 4157 680 4212 fuerunt
696 4155 745 4210 olii
762 4155 792 4211 in
809 4157 863 4212 hoo
880 4157 965 4216 schol.
982 4159 1140 4224 tractando,
1158 4175 1182 4214 ε.
1199 4177 1239 4229 gr.
1252 4157 1351 4228 Senge-

178 4240 275 4296 busols
306 4239 386 4295 Hom.
405 4240 467 4295 diss.
485 4242 499 4296 I
517 4260 544 4312 p.
562 4244 619 4311 28.)

248 4327 304 4367 ¹⁴⁰1)
323 4324 478 4392 <,‚Obsours
490 4329 555 4381 sunt
567 4343 640 4395 quae
652 4331 813 4397 sequuntur,
833 4331 862 4383 et
873 4327 991 4383 fortasse
1005 4326 1041 4382 sd
1057 4327 1206 4383 Aristonici
1218 4328 1352 4383 scholium

178 4428 236 4465 non
256 4410 425 4480 pertinens&
452 4411 672 4478 Friedlsenders
