3425 4934
300 511 371 584 (tes)

310 2733 358 2785 180

289 4176 361 4247 (tea)

387 351 445 413 178
570 346 616 400 111.
640 346 681 403 De
699 346 853 405 Aristarchi
869 348 988 407 mentia
1003 348 1181 419 antiquitatis
1197 348 1368 405 Homericae.

383 533 477 577 versu
502 512 675 582 Homerico
706 517 733 582 0
762 526 830 588 119.
864 518 938 585 Vid.
964 520 1005 585 ad
1031 519 1064 584 h.
1089 518 1109 586 l.
1135 522 1169 585 et
1193 519 1226 582 A
1250 523 1320 588 439
1360 520 1396 579 Ν
1419 520 1488 585 299.
1511 553 1552 563 -

382 619 412 681 Ε
430 625 491 688 842
513 623 666 704 notabile,
688 626 776 710 quod
798 648 872 693 eum
892 625 1041 693 homines
1062 626 1254 712 spoliantem
1274 623 1406 691 inducit

882 962 1043 1029 Athene.

466 1107 564 1175 5875
587 1099 619 1195 (ἡ
638 1106 757 1197 διπλῇ)
779 1105 832 1175 ὅτι
853 1105 1010 1200 ἐμφαίνει
1031 1105 1077 1189 ὥς
1098 1105 1136 1176 ἐκ
1156 1104 1261 1194 μόνου
1281 1109 1342 1174 τοῦ
1355 1104 1440 1186 Διὸς
1458 1127 1549 1193 yero-

378 1205 478 1298 uiroc
505 1216 566 1301 τῆς
588 1206 746 1302 Ἀθηνᾶς.
792 1216 817 1286 l.
844 1241 871 1285 e.
900 1219 954 1285 hic
984 1220 1074 1287 locus
1105 1219 1245 1307 speciem
1273 1217 1422 1303 praebet,
1456 1216 1549 1302 qusai

379 1318 540 1387 Homerus
554 1346 594 1390 ex
608 1324 677 1390 solo
691 1323 768 1392 Iove
782 1331 893 1392 natum
906 1326 1084 1394 Minervam
1098 1326 1297 1414 cognoverit.
1318 1363 1357 1374 —
1380 1323 1416 1392 si
1437 1345 1476 1391 ex
1496 1323 1548 1389 his

378 1429 489 1510 paucis
510 1430 616 1497 verbis
638 1432 857 1520 colligendum
879 1438 937 1517 est,
957 1434 1084 1502 videtur
1096 1434 1302 1504 Adstarohus
1322 1432 1405 1500 nihil
1426 1434 1466 1502 de
1486 1433 1548 1500 hac

377 1557 412 1603 re
434 1538 513 1604 certi
534 1542 699 1621 statuisse,
725 1543 782 1610 sed
803 1543 844 1610 ad
865 1543 1059 1609 contrariam
1084 1542 1194 1631 potius
1221 1546 1347 1630 portem
1367 1542 1546 1609 inclinusae.

378 1642 473 1721 Quod
499 1648 527 1713 si
555 1648 702 1715 scholion
723 1650 801 1735 (BL)
823 1651 865 1717 ad
886 1652 916 1715 E
934 1657 995 1722 880
1015 1651 1259 1720 Aristaroheum
1279 1654 1344 1730 ost,
1370 1648 1546 1736 praefracte

377 1754 517 1839 negavit.
562 1755 635 1823 Hoc
656 1757 803 1825 scholion
825 1763 888 1826 est:
918 1761 1017 1825 rorico
1046 1754 1192 1825 ottones
1215 1751 1374 1847 ἀφορμὴν
1395 1750 1546 1844 Ἡσιόδῳ

375 1856 413 1924 τὸ
436 1853 536 1940 αὐτὸς
557 1855 631 1929 ἀντὶ
656 1871 715 1931 τοῦ
740 1860 844 1950 μόνος
871 1864 1001 1953 λαβεῖν,
1031 1861 1117 1955 ὅπερ
1141 1861 1162 1935 ὃ
1185 1862 1330 1953 ποιητὴς
1356 1857 1417 1932 οὐκ
1443 1852 1543 1942 οἶδεν,

376 1958 464 2032 ἀλλὰ
477 1964 568 2054 λέγει
588 1963 694 2051 ἀνιεῖς
715 1966 826 2062 αὐτήν,
850 1969 926 2040 ἐπεὶ
946 1970 1004 2041 καὶ
1024 1971 1063 2040 ot
1086 1966 1227 2063 ἀΐδηλον
1249 1965 1353 2061 αὐτὴν
1373 1967 1547 2059 3thqu

374 2067 453 2160 ἤτοι
473 2073 655 2167 incitati.
699 2081 772 2149 Hoc
796 2082 1039 2150 Aristarchoum
1066 2105 1136 2151 esse
1161 2084 1296 2150 inclinat
1323 2081 1462 2162 animus,
1489 2080 1546 2146 sed

375 2187 582 2254 statuendum
596 2189 637 2256 ab
653 2191 866 2276 epitomatore
885 2190 969 2258 falso
988 2191 1136 2273 relatum,
1159 2191 1247 2277 quud
1268 2191 1345 2257 dioit
1366 2181 1466 2266 αὐτός
1484 2210 1545 2276 pro

374 2284 477 2374 μόνος
494 2295 638 2364 Homero
660 2320 726 2365 non
748 2303 863 2367 notum
885 2321 968 2366 esse:
988 2300 1023 2366 id
1036 2298 1279 2366 Aristarcheum
1300 2320 1366 2364 uon
1387 2301 1450 2375 est3
1468 2317 1544 2363 oon·

375 2401 509 2468 trarium
541 2405 570 2471 is
600 2406 825 2476 observaverat
852 2410 893 2491 (v.
923 2409 953 2473 Θ
979 2411 1041 2491 99).
1088 2407 1274 2474 Certissima
1302 2406 1338 2473 in
1362 2399 1544 2472 Homericis

375 2511 569 2578 carminibus
595 2516 731 2600 vestigia
757 2538 840 2597 esse,
865 2514 1009 2583 fabulam
1036 2515 1075 2581 de
1101 2513 1246 2581 Minerva
1270 2513 1341 2582 solu
1362 2512 1438 2580 Ioue
1467 2516 1545 2579 nata

374 2622 489 2702 poetae
509 2624 621 2689 notam
640 2623 754 2705 fuisse,
779 2646 875 2691 nemo
897 2624 967 2692 iura
987 2623 1115 2705 dixerit,
1140 2645 1200 2690 nec
1224 2607 1358 2709 propter
1383 2643 1433 2703 ea,
1461 2643 1543 2706 quae

375 2724 444 2810 ipso
459 2727 578 2809 attulit,
591 2729 695 2798 dicore
711 2731 850 2799 debebat
862 2731 1027 2799 Heffterus
1042 2730 1207 2799 Goettord.
1221 2728 1280 2797 aui
1288 2727 1392 2796 Rhod
1406 2725 1480 2816 Hp.
1494 2734 1544 2797 30.

373 2871 414 2884 —
433 2826 693 2926 Ἀλαλκομενηὶς
709 2831 840 2927 Ἀθήνη
863 2840 955 2907 duxit
974 2842 1030 2906 Ar.
1052 2838 1093 2905 ab
1116 2829 1290 2918 ἀλαλκεῖν,
1315 2837 1403 2925 quod
1422 2835 1544 2903 refuta·

373 2946 443 3008 tum
463 2944 607 3013 invenies
628 2947 670 3014 ab
692 2946 803 3035 steph.
825 2947 901 3034 Byr.
924 2970 949 3014 a
968 2939 1238 3031 Ἀλαλκομένρον.

748 3252 892 3316 Atreus
914 3253 947 3316 et
968 3247 1167 3335 Thyestes.

454 3397 576 3464 Eorum
598 3400 636 3465 de
659 3399 818 3466 discordia
837 3401 952 3487 ignota
974 3400 1118 3468 Homero
1138 3399 1256 3467 fabula.
1290 3401 1318 3463 H
1342 3405 1410 3468 107.

816 3700 1090 3787 Bellerophon.

454 3848 609 3917 Fabulam
631 3851 670 3918 de
691 3852 818 3941 Pegaso
840 3876 908 3921 non
928 3853 1029 3921 novit.
1065 3855 1097 3915 Z
1118 3855 1187 3921 183.
1211 3856 1278 3919 191.

861 4156 1054 4233 Briareos‚

371 4295 599 4388 iuucdyxesoog
614 4306 734 4391 estqui
755 4309 886 4372 centum
907 4328 1022 4373 manus
1042 4303 1143 4371 habet
1162 4305 1251 4389 (non,
1272 4306 1311 4368 ut
1331 4302 1463 4389 quidam
1482 4323 1542 4369 vo·

370 4407 451 4490 lunt,
466 4411 556 4478 cuius
572 4412 741 4496 longitudo
754 4418 884 4480 centum
899 4413 1082 4480 cubitorum
1096 4413 1167 4498 eat).
1189 4409 1341 4496 Apollon.
1355 4410 1416 4477 lex.
1428 4433 1459 4497 p.
1470 4414 1542 4491 310,
