3425 4934
393 299 454 362 256
840 295 887 354 fv,
910 295 952 352 De
969 295 1107 367 prosodia.

394 458 452 542 dil)
478 458 638 524 videbitur
664 460 816 546 deceptus
845 486 916 530 esse
943 487 981 531 eo
1006 465 1078 530 loco
1107 462 1162 547 qui
1189 464 1238 526 est
1263 460 1316 527 Et.
1337 460 1380 526 M.
1403 467 1477 538 567,
1503 460 1562 526 ubi

392 564 612 651 negligentius
623 566 807 652 inspicienti
815 569 910 636 facile
918 571 1018 637 videri
1030 572 1140 654 potest
1152 567 1191 634 de
1203 568 1402 633 nominativo
1411 567 1562 653 praecipi

473 671 526 737 Ad
553 673 785 758 synecdromen
805 677 947 762 peminel
969 674 1130 763 ζαφελῶς.
1173 674 1247 742 Sch.
1270 672 1288 753 ζ
1308 679 1369 742 330
1388 667 1562 759 Ἀρίσταρ-

389 800 448 858 χος
467 783 618 867 περισπᾷ
635 779 674 847 τὸ
697 778 860 870 ζαφελιῦς,
883 782 941 849 καί
961 780 1067 862 οὕτως
1087 776 1317 868 ἐπεκράτησεν.
1350 775 1421 846 ἔδει
1443 777 1481 846 δὲ
1500 783 1563 863 βα-

392 879 541 967 ρατόνως.
576 887 695 955 Hercu
716 910 767 974 sp.
788 889 877 957 loun.
898 890 990 958 Alex„
1007 897 1056 975 39,
1080 896 1117 961 18
1138 887 1232 976 παρὰ
1252 887 1290 955 τὸ
1314 880 1461 975 ζάφελος
1480 910 1561 971 προ-

391 990 658 1077 παροξανόμενον
687 988 821 1084 ὀφείλει
845 995 903 1062 καί
926 997 965 1065 τὸ
991 997 1145 1088 ζαφελιῦς
1165 991 1333 1083 ἐπίρρημα
1352 989 1563 1082 βαρύνεσθαι

391 1094 437 1178 ὡς
450 1093 522 1167 ἀπὸ
543 1104 603 1167 τοῦ
624 1098 750 1181 ζάθεσς
770 1100 917 1182 ζαθέας·
938 1099 975 1170 οὐ
1001 1100 1063 1191 γάρ
1086 1102 1156 1171 ἐστι
1176 1101 1270 1188 παρὰ
1291 1106 1338 1188 τῷ
1357 1104 1482 1191 ποιητῇ
1503 1098 1563 1181 ζα-

391 1203 505 1296 φελής.
538 1204 684 1275 δείκνυσι
704 1207 743 1276 δὲ
759 1203 984 1296 Ἡρωδιανός,
1008 1208 1054 1292 ὡς
1075 1208 1129 1277 ὅτι
1149 1210 1234 1277 κατὰ
1255 1207 1482 1297 συνεκδρομὴν
1501 1212 1562 1275 τοῦ

391 1307 523 1398 ἀμελῶς
542 1313 600 1381 καὶ
616 1313 751 1395 ἐντελῶς
771 1314 1009 1408 περιεσπάοθη
1029 1316 1068 1386 τὸ
1090 1318 1251 1408 ζαφελῶς.
1288 1318 1454 1385 Habemus
1475 1318 1561 1383 idem

390 1425 424 1489 in
444 1425 595 1509 prosodia
615 1425 656 1492 ad
676 1429 773 1494 1516
794 1428 950 1508 (venilet
935 1426 1080 1496 tinEt.
1102 1428 1145 1496 M
1167 1432 1238 1507 408,
1259 1429 1321 1510 20).

308 1562 414 1658 (268)
477 1526 654 1619 Ταρφειαί.
688 1530 842 1617 θαμειαί.
879 1540 911 1598 Τ
928 1542 989 1604 357
1010 1529 1184 1623 ταρφειαίε
1202 1527 1416 1662 Ἀρίσταρχος
1435 1524 1562 1617 ἀνέγνω

391 1632 436 1716 ὡς
455 1634 588 1709 πυκναί.
623 1636 728 1718 ου’τως
748 1636 786 1706 δὲ
806 1639 865 1707 καί
886 1665 904 1708 ο
892 1635 1179 1728 (Ἀσκαλωνίτης
1206 1639 1263 1707 καί
1288 1634 1474 1726 ἐπείσθη
1453 1665 1474 1726 η
1495 1661 1562 1703 πα-

390 1739 536 1831 ράδοσις
576 1751 616 1814 A
637 1755 677 1817 52
699 1749 862 1831 θαμειαί·
874 1744 1077 1879 Πηίμφιλος
1097 1752 1243 1833 θαμεῖαι
1262 1742 1398 1835 λέγει(
1374 1770 1419 1826 αις
1440 1740 1560 1827 ὀξεῖαι,

386 1846 599 1939 Ἀρίσταρχος
620 1851 702 1921 ‹ie‘
678 1880 724 1934 ως
742 1853 893 1922 πυκιναί·
925 1851 1051 1941 ὁμοίως
1077 1855 1114 1924 oe
1139 1857 1197 1924 καὶ
1224 1855 1262 1923 τὸ
1283 1877 1444 1941 ταρφειαι
1436 1852 1560 1941 (Bw).

389 1961 463 2028 Hoc
476 1985 543 2029 non
558 1985 633 2031 cusu
646 1964 777 2046 factum,
798 1967 886 2051 quod
899 1965 934 2032 in
952 1966 1013 2033 hac
1035 1966 1195 2033 anomalia
1215 1966 1279 2031 ista
1299 1964 1363 2030 duo
1385 1963 1562 2030 concinunt

391 2092 472 2155 quae
488 2071 664 2138 concinunt
683 2073 719 2138 in
740 2073 989 2159 significatione.
1024 2074 1115 2161 Ergo
1136 2073 1281 2160 persuasi
1301 2071 1382 2138 mihi
1403 2069 1561 2156 (quamvis

389 2179 528 2263 primum
542 2180 685 2248 audienti
701 2181 818 2248 mirum
834 2182 936 2248 videri
950 2183 1055 2267 possit
1067 2184 1122 2265 164)
1144 2185 1201 2246 aul
1213 2181 1293 2246 haec
1307 2178 1434 2244 etiamsi
1454 2177 1561 2242 ediec·

390 2286 456 2353 tiva
477 2288 544 2353 sint
563 2291 672 2354 tamen
693 2294 826 2375 propter
846 2290 951 2375 ipsum
972 2288 1243 2374 significationem
1263 2286 1444 2353 crebritatis
1461 2307 1496 2350 se
1516 2285 1561 2349 ad

389 2394 521 2460 nomina
547 2396 718 2480 perieclica
743 2397 777 2462 in
805 2392 842 2462 ιά
868 2396 1221 2476 accommodassent
1247 2395 1335 2479 quod
1364 2392 1562 2480 singularem

391 2522 457 2566 non
478 2501 614 2585 habent,
642 2504 683 2569 ad
704 2504 767 2571 ulia
787 2503 926 2589 pluralia
946 2502 1060 2569 similis
1081 2503 1204 2569 formae
1225 2502 1414 2583 accessisse,
1435 2493 1562 2584 ἀγυιαί,

391 2605 574 2694 Πλαταιαί,
595 2604 754 2696 Αὖγειαί.

473 2717 538 2785 sed
557 2711 705 2803 μητίετα,
728 2712 888 2804 εὐρύοπα,
914 2712 1063 2805 ἀκάκητα
1087 2720 1166 2804 quid
1186 2740 1354 2785 commune
1375 2717 1504 2796 hebeni,
1523 2722 1562 2782 ut

391 2825 504 2892 eodem
527 2825 624 2892 modo
650 2826 763 2913 regula
789 2829 1026 2896 eximerentur?
1061 2826 1238 2894 Commune
1263 2826 1341 2905 hoc,
1371 2825 1459 2910 quod
1483 2830 1561 2890 sunt

390 2937 543 3019 quattuor
560 2933 754 3019 syllabarum
768 2935 869 3020 (quod
884 2958 922 3001 ex
936 2935 1116 3002 Homericis
1129 2938 1296 3020 praeterea
1310 2933 1395 2999 cadit
1409 2933 1444 2997 in
1458 2930 1560 2998 unum

389 3034 575 3128 ίππηλοίτα)
601 3046 635 3107 et
661 3042 749 3127 quod
768 3041 912 3108 Deorum
931 3044 1082 3129 epitheta.
1124 3042 1214 3128 Ergo
1244 3044 1272 3108 si
1298 3062 1395 3107 cause
1419 3038 1560 3125 intelligi

389 3152 498 3233 potest
522 3170 579 3215 cur
604 3149 725 3217 dictum
756 3151 799 3216 sit
823 3145 962 3237 μητίετα
991 3154 1037 3234 (et
1062 3153 1208 3216 veterum
1238 3148 1441 3233 quorundum
1467 3146 1560 3225 ratio,

390 3256 511 3322 dictum
537 3280 606 3323 esse
630 3281 689 3344 pro
713 3260 847 3345 μητῖτα,
874 3258 1051 3343 probabilis
1080 3258 1149 3323 visa
1175 3258 1244 3322 viro
1273 3257 1475 3335 doctissimo,
1504 3254 1560 3339 qui

389 3363 495 3443 hodie,
516 3365 604 3449 quod
617 3366 686 3432 sine
705 3366 894 3452 cuiusquam
916 3365 1093 3432 offensione
1115 3365 1178 3432 dici
1198 3370 1316 3451 potest,
1336 3365 1370 3429 in
1390 3362 1560 3441 hissebus

390 3472 477 3537 solus
497 3472 594 3557 videl,
613 3472 785 3553 bohemo,
808 3476 847 3541 de
869 3475 982 3541 adieci.
1004 3475 1147 3539 motione
1168 3472 1318 3539 anomala
1339 3473 1412 3538 diss.
1433 3469 1511 3555 Hp.
1527 3480 1561 3538 4:

324 3600 373 3653 260
390 3602 418 3646 v.
439 3601 525 3644 nuno
546 3581 732 3667 paralipom.
753 3606 784 3667 p.
802 3586 884 3664 184),
906 3581 1103 3666 reliquorum
1124 3582 1251 3648 miralio
1273 3580 1410 3646 tollitur.
1445 3585 1484 3644 A
1501 3586 1561 3647 175

388 3684 541 3774 μητίεταε
563 3685 667 3767 οὕτως
679 3683 893 3774 Ἀρίσταρχος
904 3684 1015 3775 τρίτην
1035 3681 1105 3756 ἀπὸ
1119 3686 1234 3767 τέλους
1247 3686 1416 3774 ποιεῖτὴν
1435 3678 1561 3768 ὀξεῖαν·

388 3793 445 3861 καί
460 3790 713 3884 ἒπεκράτησενὴ
737 3789 931 3880 ἀνάγνωσις.
959 3794 1017 3861 καί
1036 3790 1118 3876 ἴσως
1139 3791 1350 3881 πλεονασμός
1370 3792 1440 3861 ἐστι
1460 3797 1521 3860 τοῦ
1536 3818 1562 3863 ε.

389 3907 428 3967 Π
447 3910 505 3973 185
524 3897 691 3991 ἄκάκηταε
709 3897 923 3991 Ἀρίσταρχος
942 3899 1205 3989 προπαροξύνει·
1233 3898 1265 3970 ολ
1290 3901 1327 3969 δὲ
1348 3897 1449 3969 ε’ίλλοι
1470 3903 1562 3988 (Pto-

388 4013 547 4079 lemaeum
568 4013 661 4097 (licii,
687 4010 940 4098 Tyrannionem,
961 4010 1178 4095 Pamphilum)
1204 4005 1370 4101 ἀναλογίᾳ
1394 4008 1563 4095 πειθόμε·

308 4210 310 4213 .
389 4141 443 4186 νσι
455 4124 742 4207 προπεριοπῶσιν.
776 4116 922 4206 ἐπείσθη
942 4114 979 4184 δὲ
999 4113 1020 4205 ἡ
1044 4117 1231 4202 παράδοσις
1252 4121 1452 4206 (Alisinroho
1473 4120 1563 4186 haud

457 4380 495 4422 1⁶⁴
509 4378 600 4435 Incidi
617 4378 741 4449 primum
757 4380 854 4451 legens
872 4379 956 4437 schol
975 4381 1001 4436 Ε
1018 4385 1076 4436 502.
