3425 4934
550 337 575 399 2.
599 325 725 405 βάλλειν,
742 329 873 398 ούτσσαι,
890 331 949 387 sini.
1295 338 1334 399 53

164 499 283 565 dicitur
300 494 530 585 συλληνττικός.
552 503 586 562 Ν
599 506 660 569 782
674 492 852 586 Δηΐφοβός
865 520 901 562 τε
914 494 972 584 βίη
987 490 1022 562 θ’
1035 491 1185 563 Ἑλένοιο
1200 493 1340 573 ἄνακτος

163 600 326 686 οἴχεσθον
348 610 492 696 μακρῇσι
515 590 704 691 τετυμμένιύ
729 600 890 694 ἐγχείῃσιν
915 600 1093 695 ἀμφοτέρω
1121 600 1205 668 κατὰ
1230 606 1340 689 χεῖρα·

164 711 196 797 (ἦ
221 709 384 803 διπλή)“
365 738 417 781 οτι
439 712 758 842 σολλητττικῶς
725 737 763 781 το
784 715 832 799 τῷ
851 708 952 799 ἑτέρῳ
974 706 1216 798 σνμβεβηκὸςέ
1217 703 1252 773 π’
1274 703 1339 793 ἆμ-

164 816 381 907 ηιοτέρων’
343 844 488 902 τεταχεν
522 814 560 887 ού
594 820 657 906 γὰρ
687 814 873 910 ἀμφότεροι
907 815 1086 907 ένύντησαν,
1123 811 1246 883 ολλλΗ
1229 842 1248 884 ο
1279 814 1341 899 μὲν

156 923 294 1005 Ἕλενος
321 924 464 1057 ἐβλήθη,
496 924 515 995 ὁ
543 925 581 994 δὲ
603 925 782 1018 Δηΐφοβος
807 922 920 1016 ἐτύπη.
964 924 997 996 Ξ
1021 933 1061 996 28
1088 921 1120 1015 (ἡ
1144 920 1308 1014 διπλή)“
1288 949 1341 991 οτι

162 1031 458 1124 σολληνττικιῦς”
422 1059 532 1123 ειρηκε
555 1033 722 1122 βεβλήατο
748 1038 821 1120 (ins
847 1033 917 1121 και)
944 1032 1002 1101 tat
1028 1037 1095 1099 τῶν
1123 1026 1341 1116 ούτασμένιον.

163 1140 256 1212 Ξ63
284 1138 318 1233 (ἡ
343 1144 460 1234 διπλῆ)
482 1142 535 1212 ὅτι
561 1140 666 1209 πάλιν
691 1143 935 1231 σνλλητιτεκῶς·
969 1135 1006 1209 ού
1033 1141 1096 1227 γὰρ
1122 1136 1243 1219 πάντες
1264 1136 1362 1224 έβέ(
1322 1177 1339 1190 ·
1351 1145 1406 1213 (63)

162 1251 297 1338 βληντο.
328 1251 376 1319 lb.
398 1259 457 1321 128
482 1247 502 1340 ἡ
527 1251 631 1341 διπλή
656 1248 710 1317 ὅτι
727 1250 957 1338 σολλητττικῶς
981 1249 1037 1317 καὶ
1059 1247 1117 1317 ent
1136 1253 1202 1315 τῶν
1219 1249 1341 1336 βεβλη-

161 1355 274 1442 μένων
302 1353 481 1443 οὐτάμενοι
510 1353 648 1446 εἴρηκεν.
688 1360 736 1426 lb.
758 1365 818 1429 379
847 1360 960 1443 (schol.
981 1360 1084 1443 Μ’)
1111 1357 1343 1444 σολληνττικῶς

162 1464 200 1533 τὸ
224 1461 420 1550 ούτύμενοι·
438 1465 614 1556 Διομήδης
635 1465 696 1553 γὰρ
718 1462 892 1554 βέβληται.
930 1467 975 1536 Gt
991 1468 1031 1534 ad
1054 1470 1093 1531 Λ
1107 1473 1167 1536 659
1190 1471 1223 1533 et
1243 1469 1279 1529 Π
1293 1472 1342 1544 24,

163 1577 219 1642 ubi
241 1576 348 1642 utitur
366 1575 569 1642 substantivo
591 1571 767 1665 σύλληψις,
792 1567 812 1662 ή
837 1574 866 1640 δ.
888 1572 974 1659 πρὸς
992 1573 1055 1659 τήν
1076 1569 1286 1662 σύλληψιν.32

247 1682 351 1766 Hinc,
379 1684 506 1768 opinor,
540 1683 579 1749 de
609 1683 853 1770 incomparabili
879 1683 1021 1749 hominis
1048 1682 1217 1768 diligentia
1243 1685 1276 1747 et
1302 1681 1341 1746 de

163 1790 294 1856 ratione
319 1792 494 1872 constabit,
523 1813 588 1875 qna
612 1792 647 1855 in
673 1791 831 1857 eiusmodi
859 1791 1137 1857 observationibus
1166 1788 1341 1874 probandis

163 1921 241 1964 nsus
264 1904 330 1979 est,
351 1921 411 1965 nec
432 1900 540 1964 minus
561 1897 655 1977 illud,
677 1921 750 1964 cum
772 1898 937 1979 omnibus,
963 1900 1019 1983 qui
1047 1900 1178 1983 quidem
1204 1895 1339 1961 alicuius

163 2007 324 2072 momenti
349 2007 451 2073 videri
481 2009 627 2091 possent,
660 2006 741 2072 locis
770 2007 880 2092 diplen
910 2010 1100 2092 apponeret,
1127 2005 1220 2072 haud
1245 2002 1340 2068 facile

165 2113 346 2199 quidquam
365 2115 400 2178 in
418 2117 728 2199 utramquepartem
749 2114 862 2201 fugere
883 2115 1027 2200 potuisse
1049 2136 1123 2179 eum
1144 2110 1342 2198 praesertim,

165 2221 221 2304 qui
247 2221 300 2285 bis
326 2225 457 2306 poetam
478 2221 635 2302 ediderat,
660 2222 908 2289 commentarios
930 2220 1121 2287 Homericos
1146 2218 1341 2302 libellosque

164 2328 281 2394 eodem
312 2331 495 2413 spectantes
527 2330 698 2415 scripserat
729 2329 910 2415 complures
941 2329 1061 2414 quique
1090 2327 1171 2393 haec
1201 2326 1342 2392 carmina

165 2439 215 2500 tot
236 2457 347 2501 coram
363 2436 527 2522 discipulis
548 2438 725 2504 identidem
744 2441 944 2524 exposuerat.
978 2437 1102 2503 Eadem
1115 2440 1260 2502 veterum
1281 2434 1343 2499 tuit

164 2544 344 2626 persuasio,
365 2566 424 2611 nec
445 2545 654 2612 mediocrium
674 2546 725 2611 vel
744 2543 990 2631 negligentium,
1012 2543 1069 2609 sed
1090 2543 1214 2630 egregii
1235 2564 1343 2629 grain·

165 2652 287 2727 matici,
311 2651 368 2736 qui
382 2651 485 2718 multo
500 2652 610 2718 labore
633 2653 710 2738 quid
724 2652 930 2718 Aristarchus
952 2653 985 2716 in
1000 2650 1143 2716 Homero
1164 2650 1343 2735 praestitis·

165 2762 215 2824 set
228 2758 451 2842 inquisiverat,
464 2760 603 2846 Didymi.
629 2758 661 2824 Is
676 2781 750 2825 cum
763 2758 884 2826 librum
899 2759 938 2824 de
954 2758 1132 2823 Aristarchi
1147 2757 1343 2823 editionibus

165 2863 303 2931 Homeri
325 2867 555 2947 conscriberet,
581 2890 682 2932 unum
708 2867 849 2952 repperit
869 2865 992 2944 locum,
1017 2865 1094 2930 huic
1113 2862 1344 2930 vocabulorum

167 2975 242 3038 usui
266 2973 433 3043 absonum
469 2973 601 3041 Scilicet
624 2978 654 3038 Π
677 2980 738 3042 467
761 2973 800 3039 de
821 2972 1008 3058 Sarpedone
1030 2973 1151 3059 legitur

482 3075 501 3146 ὃ
523 3075 561 3146 δὲ
581 3075 742 3168 Πήδασον
763 3075 902 3169 ούτασεν
921 3080 1039 3164 λαντον,

168 3209 242 3253 curn
273 3209 313 3253 ex
337 3189 549 3255 antecedente
569 3210 663 3256 versu
684 3193 795 3275 pateat
815 3187 1036 3273 Sarpedonem
1056 3187 1183 3253 hastam
1203 3185 1343 3251 torsisse.

167 3296 219 3360 Ad
248 3294 337 3361 huuc
355 3297 456 3382 igitur
481 3296 591 3363 locum
611 3297 814 3362 Aristonicus
843 3296 1014 3382 adscripsit
1039 3295 1131 3361 haec:
1166 3287 1198 3381 (ή
1228 3290 1343 3379 διπλή)
1362 3301 1393 3351 53

168 3398 222 3467 ὅτι
245 3398 284 3482 έξ
302 3398 549 3493 ένταναλήψεως
572 3402 611 3469 τὸ
632 3397 762 3490 ἄρθρον
784 3396 903 3492 εἴληφε
923 3399 1009 3467 κατὰ
1036 3405 1094 3468 τοῦ
1116 3393 1218 3466 αὐτοῦ
1243 3418 1346 3481 προσ-

168 3505 266 3576 ύντοε
288 3507 346 3576 καὶ
371 3503 410 3577 ού
433 3509 510 3597 περὶ
531 3504 642 3595 ἑτέρον
665 3506 754 3595 λέγει
761 3561 770 3596 ,
798 3502 872 3576 ἀντὶ
891 3514 951 3577 τοῦ
974 3504 1134 3596 Πήδασον
1156 3505 1194 3581 δὲ
1215 3499 1345 3574 ούτασε.

167 3615 226 3684 καὶ
253 3613 308 3681 ὅτι
333 3616 428 3684 δοκεῖ
452 3614 675 3703 συγκεχύσθαι
700 3617 739 3683 τὸ
766 3611 901 3684 ούτασε·
928 3615 1085 3706 βεβλήκει
1105 3617 1168 3703 γὰρ
1194 3614 1232 3683 τὸ
1254 3609 1345 3699 δόρυ.

168 3723 235 3790 Sed
256 3725 429 3811 Didymus,
455 3727 542 3811 quod
569 3749 725 3812 perquam
745 3727 955 3793 memorabile
975 3731 1039 3808 est,
1063 3728 1140 3793 hoc:
1174 3724 1268 3790 δοκεῖ
1288 3721 1346 3788 διὰ

167 3826 297 3898 τούτων
310 3835 507 3919 συγχεῖσθαι
521 3830 540 3923 ή
555 3832 704 3920 διαφορὰ
718 3835 778 3899 τοῦ
796 3833 912 3917 βαλεῖν
933 3832 989 3900 καὶ
1011 3827 1166 3901 ούτύσαι·
1185 3828 1348 3917 βέβληται

167 3937 233 4024 γὰρ
255 3932 462 4030 ὁΠήδασος.
497 3938 556 4006 καὶ
574 3936 706 4030 μήποτε
726 3936 838 4030 γραφή
857 3965 911 4021 τις
931 3938 1079 4032 ἐφέρετο,
1103 3934 1146 4007 δι’
1172 3928 1211 4029 ἧς
1230 3936 1268 4006 τὸ
1290 3942 1349 4026 τῆς

236 4142 281 4185 ⁸¹·
306 4143 355 4211 <ln
368 4140 429 4197 eod.
447 4142 472 4195 A
490 4146 543 4197 est:
563 4130 608 4198 du
627 4142 828 4211 σνλληπτιιιῶς
854 4135 970 4213 εἴρηκεν
987 4140 1176 4210 οδτσσμλναιν
1193 4143 1283 4195 τινῶν
1299 4138 1349 4193 καὶ

170 4228 383 4299 βεβλημένον.)
731 4308 738 4321 ι
969 4309 975 4320 ⁹
1080 4308 1087 4320 .
1255 4305 1261 4318 ⁸
1340 4304 1346 4316 .

235 4312 261 4355 ⁸2
296 4311 325 4370 Ξ
345 4314 380 4366 28
407 4310 477 4364 haec
502 4310 575 4369 ratio
602 4308 802 4379 complexionis
828 4310 977 4365 recentiori
1001 4308 1167 4365 scholiastae
1187 4323 1280 4363 nescio
1303 4323 1349 4361 eur

169 4395 307 4468 displicet.
