3425 4934
360 334 421 397 238
541 327 587 382 111.
610 325 651 381 De
669 325 821 381 Aristarchi
838 321 957 381 seientia
973 320 1151 393 antiquitatis
1167 319 1338 389 Homerioae.

360 488 431 560 ἔστι
452 490 490 560 δὲ
508 497 570 582 τῆς
588 488 815 578 τετρακωμίας
834 496 895 580 τῆς
915 488 993 577 περὶ
1009 483 1194 576 Τάναγραν,
1211 483 1384 567 Ἓλεῶκος,
1399 480 1531 569 Ἀρμα-

359 624 427 680 τος,
452 601 690 689 Μυκαλησσοῦ,
718 605 845 690 oppos.
888 594 1055 688 γράφουσι
1077 595 1114 664 δέ
1135 595 1192 665 καὶ
1211 601 1309 665 τοῦτο

505 704 622 776 Νῦσάν
641 733 678 776 τε
700 707 825 797 ζαθέην
848 749 896 775 -.

361 808 455 905 κώμη
478 809 509 882 δ’
532 814 600 884 ε’σεί
619 821 677 884 τοῦ
694 812 872 895 Ἑλικῶνος
891 810 912 905 ἡ
936 817 1042 883 Νῦσα.

280 939 351 1006 (248)
444 924 535 992 Phea
561 931 631 993 erat
660 928 738 993 urbs
768 949 869 1013 prope
901 948 988 993 mare
1016 925 1078 991 sita
1103 926 1136 1007 (o
1158 927 1245 1006 297);
1272 943 1355 1008 quae
1381 922 1423 986 ob
1448 919 1532 986 hano

362 1053 491 1100 oausam
519 1034 626 1101 minus
650 1039 724 1120 apte
751 1036 819 1100 visa
846 1038 897 1100 est
920 1032 1163 1100 commemorari
1184 1033 1224 1094 H
1244 1035 1302 1098 135
1326 1031 1532 1114 (quamquam

362 1145 413 1207 est
431 1145 550 1227 aptum,
569 1147 607 1208 ut
625 1141 728 1229 magis
744 1143 840 1207 etiam
854 1141 1054 1229 pruriginem
1067 1140 1213 1206 mutandi
1227 1137 1411 1219 intelligas).
1449 1133 1533 1212 Quid

362 1249 463 1335 igitur
488 1250 687 1316 moliuntur?
723 1249 843 1316 Narrat
868 1249 986 1317 Strabo
1012 1245 1091 1314 VIII
1120 1270 1151 1333 p.
1176 1251 1238 1317 348
1263 1248 1314 1332 ῥεῖ
1340 1240 1377 1308 δὲ
1406 1242 1532 1325 (fluvius

360 1349 515 1440 Ἀκίδων)
537 1354 630 1441 παρὰ
650 1350 761 1446 τάφον
780 1350 950 1440 Ἰαρδάνου
972 1353 1029 1421 καί
1050 1348 1145 1421 Χάαν
1165 1348 1267 1418 πόλιν
1288 1346 1371 1416 ποτὲ
1385 1342 1498 1433 δτιάρξ
1519 1384 1533 1398 ·

362 1484 424 1528 σαν
444 1459 769 1551 τιλησίονΛεπρέου,
793 1460 882 1531 ὅσον
904 1460 1020 1530 καὶτὸ
1041 1456 1161 1528 πεδίον
1182 1458 1220 1528 τὸ
1236 1453 1422 1526 Αίπάσιον.
1458 1452 1534 1539 περὶ

361 1565 481 1659 ταύτης
510 1569 547 1638 δὲ
574 1575 635 1660 τῆς
661 1564 762 1650 Χάας
787 1570 948 1658 γενέσθαι
974 1568 1076 1661 φασίν
1102 1564 1188 1637 ένιοι
1212 1566 1270 1634 τὸν
1296 1560 1447 1649 πόλεμον
1465 1565 1534 1641 τοῖς

360 1671 501 1763 Ἀρκάσι
525 1678 610 1766 πρὸς
636 1677 714 1758 τοὺς
739 1677 903 1762 Πυλίους,
940 1671 979 1746 δν
1012 1674 1156 1768 ἔφρασεν
1180 1672 1344 1764 Ὅμηρος,
1380 1671 1437 1739 καὶ
1466 1671 1534 1737 δεῖν

365 1779 495 1852 οἴονται
516 1783 656 1876 γράφειν
678 1791 731 1872 (Η
750 1793 823 1874 135)

507 1889 616 1982 ἡβῷμ’
640 1891 685 1974 ὡς
707 1889 752 1963 δι’
777 1890 829 1962 ἐπ’
852 1890 991 1982 ὠκυρόῳ
1010 1889 1179 1960 Ἀκίδαντι
1190 1894 1233 1937 ¹⁶⁰
1253 1886 1400 1974 μάχοντο

510 1997 690 2089 ἀγρόμενοι
710 1999 839 2070 Πύλιοί
857 2026 893 2069 τε
914 2001 972 2070 καί
991 1996 1151 2087 Ἀρκάδες
1171 1994 1412 2086 (ἐγχεσίμωροι)

508 2106 609 2189 Χάος
628 2108 698 2196 πάρ
719 2107 879 2193 τείχεσσιν
898 2149 940 2160 -

367 2210 404 2283 οὐ
427 2215 616 2285 Κελάδοντι
637 2213 716 2286 οὐδὲ
741 2223 856 2299 Φειᾶς·
878 2224 926 2307 τῷ
945 2217 1009 2306 γὰρ
1029 2212 1128 2308 τάφῳ
1148 2220 1207 2282 τοῦ
1224 2210 1396 2301 Ἰαρδάνου
1417 2214 1535 2278 τοῦτον

366 2318 561 2412 πλησιάζειν
582 2323 640 2393 καί
659 2331 731 2405 τοῖς
748 2320 889 2415 Ἀρκάσι
907 2326 967 2396 τὸν
986 2320 1093 2393 τόπον
1112 2324 1240 2409 μᾶλλον
1259 2317 1285 2411 ἢ
1306 2319 1494 2388 enervati

372 2465 418 2472 ...-

433 2529 471 2570 1⁶⁰
487 2525 533 2581 Sic
549 2528 703 2584 necessario
719 2528 879 2598 legendum.

433 2613 470 2654 1⁶1
486 2612 524 2666 Hi
537 2611 624 2681 igItur
635 2612 834 2668 intellexerunt
851 2606 996 2685 Ἰαρδάνου
1014 2607 1089 2684 α’μφί
1106 2610 1218 2685 ῥέεθρα
1235 2612 1272 2667 ad
1289 2609 1405 2667 fluvium
1416 2605 1537 2670 lardani,

365 2696 392 2750 h.
411 2712 433 2751 e.
454 2696 503 2766 qui
519 2696 633 2752 Iardani
650 2697 791 2753 tumulum
807 2697 991 2769 praeterfluit.
1003 2728 1037 2738 —
1048 2697 1179 2753 Ceterum
1196 2699 1292 2751 manet
1308 2694 1338 2750 in
1356 2711 1389 2750 eo
1406 2693 1468 2749 looo
1486 2691 1537 2746 dif-

365 2780 482 2836 ficultas.
511 2780 630 2853 Propter
640 2773 785 2853 lapddsoo
798 2773 873 2853 άμφλ
890 2778 1002 2854 ῥέεθρα
1013 2800 1070 2838 non
1087 2784 1182 2854 potest
1193 2781 1338 2838 Κελάδαν
1354 2794 1457 2835 nornen
1474 2794 1537 2849 pro·

365 2863 458 2934 prium
476 2864 555 2919 duvii
571 2883 642 2928 esse,
665 2869 754 2922 otras
772 2867 872 2923 eadem
894 2865 918 2922 si
933 2858 1072 2924 Ἀκίδαντι
1089 2866 1283 2922 substituatur.
1319 2864 1381 2920 Hoo
1396 2860 1538 2918 intellexit

365 2948 553 3007 Aristarchus:
575 2968 661 3022 quare
673 2945 827 3008 κελάδοντι
838 2968 890 3022 pro
908 2950 1048 3007 adieetivo
1066 2951 1177 3022 aceepit
1192 2951 1246 3006 bac
1264 2951 1333 3005 nota
1350 2947 1492 3020 apposita:
1510 2934 1540 3016 (ἦ

365 3034 461 3104 διειλη)
483 3029 530 3090 δτι
555 3032 565 3089 l
571 3034 655 3099 δίας
675 3034 712 3091 τὰ
730 3034 854 3092 ἐπίθετα
872 3029 1023 3107 προτάξας
1038 3029 1074 3091 τά
1090 3036 1192 3106 κύριον
1209 3034 1357 3107 ἐπήγαγεν
1372 3026 1539 3104 ,Ἰαρδάνου

367 3109 442 3186 ἀμφὶ
459 3113 595 3190 ῥέεθρα.“
628 3119 734 3177 Statuit
755 3119 844 3190 igitur
861 3120 1003 3191 quandam
1021 3118 1239 3184 anacoluthiam,
1255 3122 1288 3174 ut
1305 3118 1395 3174 oratio
1412 3120 1476 3189 post
1494 3105 1539 3171 ἐπ’

368 3193 491 3275 αίνυρδφ
513 3200 666 3260 κελάδοντι
683 3205 842 3277 interrupta
863 3205 1017 3268 videretur,
1035 3204 1136 3260 deindo
1158 3204 1250 3259 denuo
1270 3202 1465 3258 institueretur
1484 3199 1539 3256 illis

367 3276 515 3357 Ἰαρδάνου
538 3278 613 3358 ἀμφὶ
635 3287 755 3360 ῥέεθρα.
787 3289 851 3346 Non
867 3290 1025 3360 probamus.
1060 3289 1116 3345 Sed
1137 3287 1185 3344 ille
1206 3305 1265 3343 non
1284 3287 1410 3342 babebat
1431 3302 1486 3357 quo
1508 3302 1538 3341 sa

367 3373 501 3426 verteret:
528 3389 594 3427 nam
616 3367 769 3430 κελάδοντι
791 3373 971 3445 interpretari
993 3372 1119 3442 „fluvio“‚
1142 3373 1218 3444 quod
1240 3372 1356 3442 quidam
1372 3372 1464 3428 facere
1480 3388 1539 3427 non

368 3454 550 3521 dubitabant,
574 3456 616 3511 illi
637 3457 668 3512 in
690 3461 813 3514 mentem
833 3459 927 3515 venire
945 3476 1001 3514 non
1019 3461 1144 3530 poterat,
1159 3458 1231 3513 bene
1249 3474 1349 3529 gnaro,
1367 3455 1436 3526 quid
1453 3456 1539 3512 ferret

367 3541 539 3596 consuetudo
556 3541 677 3598 Homeri.
711 3540 785 3613 Ergo
807 3544 934 3599 restabat
954 3545 988 3598 ut
1005 3543 1051 3598 vel
1067 3560 1177 3600 versum
1197 3547 1245 3598 1³3
1263 3542 1308 3598 vel
1327 3547 1374 3598 135
1393 3540 1474 3597 obelo
1489 3557 1538 3596 no-

366 3629 452 3681 taret:
472 3626 526 3681 nisi
538 3626 564 3681 ei
582 3626 742 3696 syntaetica
752 3627 833 3691 ratio,
851 3645 937 3698 quarn
954 3627 1082 3693 diximus,
1101 3628 1173 3682 mira
1189 3627 1304 3696 quidem
1320 3626 1369 3682 sed
1386 3624 1539 3682 tolerabilis

367 3711 426 3765 visa
443 3713 523 3766 esset.
549 3711 680 3767 Ceterum
696 3710 833 3780 Didymus
850 3713 905 3768 hoo
922 3713 983 3769 loeo
1001 3712 1105 3769 dieitur
1121 3713 1254 3784 probasse
1272 3713 1383 3782 Φηρηςε
1401 3707 1540 3779 ,ἄμεινον

368 3786 422 3852 οὖν
444 3795 487 3860 oie
509 3797 646 3865 Δίδυμος,
674 3797 758 3872 Φρρη
775 3791 901 3869 Σπάρτη
922 3800 973 3854 καί
990 3791 1144 3869 Δαρδάνου
1165 3788 1239 3868 duat
1260 3792 1373 3867 ῥέεθρα
1395 3795 1423 3866 (l.
1442 3797 1540 3867 Φέρης

367 3877 427 3952 πὰρ
439 3881 584 3950 τείχεσσιν
596 3870 772 3952 Ἰαρδάνον)·
791 3876 870 3939 οὕτω
881 3876 937 3953 γάρ
953 3884 1004 3939 καί
1022 3882 1186 3953 Φερεκύδης
1203 3878 1341 3952 ίστορεδὶ
1372 3878 1413 3936 Do
1432 3897 1488 3949 quo
1506 3880 1539 3951 (si

368 3980 467 4019 verum
487 3967 540 4033 est)
562 3963 601 4019 sio
622 3963 721 4020 iudioo.
759 3964 895 4036 Didymus
920 3966 951 4022 in
978 3965 1184 4023 commentariis
1210 3983 1274 4021 oum
1298 3963 1440 4020 variorum
1460 3964 1540 4019 varia

368 4048 514 4105 molimina
525 4049 714 4114 recensuisset,
727 4050 884 4115 addiderat,
897 4051 921 4107 si
933 4051 995 4122 quis
1006 4051 1098 4107 loourn
1109 4054 1219 4108 mutare
1231 4050 1324 4116 vellet,
1335 4049 1429 4122 potius
1442 4050 1541 4120 Φὴρης

285 4142 356 4209 (249)
368 4133 546 4189 scribendum
557 4151 627 4190 esse:
646 4134 719 4189 hano
731 4134 807 4190 enim
816 4134 847 4191 in
860 4136 914 4191 bae
924 4153 954 4192 re
966 4136 1154 4206 Pherecydem
1166 4152 1389 4202 commemorare,
1406 4137 1440 4190 ut
1450 4133 1541 4189 videri

367 4221 462 4288 posset
476 4218 550 4274 bane
565 4218 715 4276 lectionem
731 4220 762 4275 in
779 4238 828 4276 suo
840 4220 955 4278 Homeri
973 4220 1126 4292 exemplari
1143 4221 1297 4278 offendisse.
1326 4221 1407 4275 Hano
1423 4222 1541 4291 propter

368 4302 604 4371 observationem,
626 4303 650 4359 si
667 4304 797 4374 neglectu
813 4306 914 4375 luerat,
934 4304 1055 4376 gantiam
1071 4305 1175 4362 meruit
1190 4306 1339 4376 Didymus:
1366 4308 1492 4361 attamen
1508 4302 1541 4358 in

368 4389 477 4444 textum
486 4405 544 4444 non
554 4388 644 4461 magis
654 4389 751 4446 inferri
762 4391 893 4459 debebat,
905 4408 991 4461 quam
1001 4392 1108 4448 Κύναν
1119 4408 1171 4462 pro
1182 4384 1278 4457 Κάαν,
1294 4388 1367 4446 filius
1379 4387 1540 4450 Antenoris,
