3425 4934
356 335 418 399 336
655 330 688 385 V.
710 329 753 387 De
770 330 873 419 criticis
891 330 1043 389 Aristarchi
1061 329 1224 387 rationibus.

274 466 345 588 (ffi)
439 493 477 560 ΙΙ.
519 495 620 562 Porro
646 496 830 566 Zenodotus
865 501 904 566 de
937 499 1128 586 quibusdam
1160 499 1240 564 falso
1270 497 1423 563 iudicavit
1451 518 1524 561 cum

355 602 479 687 reliqua
497 600 631 670 Homeri
652 607 835 673 narratione
857 608 1035 674 dissentire.
1078 605 1167 673 Haec
1188 606 1280 671 utin
1302 604 1447 671 ordinem
1469 625 1524 669 co·

355 715 508 797 gerentur
536 715 568 776 et
594 714 731 779 mutavit
757 715 922 800 complura
954 721 987 783 et
1019 716 1176 801 quaedam
1204 717 1241 780 67
1267 713 1376 798 spuria
1402 711 1523 777 reiecit.

356 818 450 896 Quod
464 840 567 905 genus
581 824 619 885 ut
633 820 811 907 significem
826 823 972 908 exemplo
989 822 1225 889 demonstrabo.
1254 824 1292 883 H
1304 826 1364 888 432
1379 817 1525 905 Iuppiter

355 926 389 990 in
415 931 525 992 monte
546 925 604 993 Ida
621 926 974 1015 Iunonem'alloquitur
995 930 1033 995 de
1055 928 1250 1014 Sarpedonis
1277 927 1374 994 exitio
1397 926 1524 992 consul·

355 1039 454 1100 turne.
490 1034 552 1100 Hic
566 1034 733 1102 Zenodoto
752 1036 875 1122 aliquid
896 1037 985 1104 hiere
1004 1038 1124 1104 visum:
1145 1031 1310 1122 ἐπιζητῶν
1330 1037 1404 1112 πῶς
1424 1025 1444 1119 ἡ
1467 1056 1525 1114 pc-

229 1128 249 1151 *
355 1140 435 1226 κρόν
455 1137 648 1226 ἔμπροσθεν
670 1145 782 1227 (079)
805 1141 862 1210 ἐπὶ
882 1143 940 1210 τὸν
952 1138 1130 1228 Ὄλυμπον
1150 1143 1447 1230 παρακεχωρηκυῖα
1469 1142 1525 1204 νῦν

356 1245 413 1314 ἐπὶ
432 1243 594 1337 τῆςἽόης
615 1246 711 1320 ἐστίν.
747 1252 840 1319 Η666
861 1254 903 1319 ob
925 1275 1054 1320 causam
1074 1252 1137 1319 hoc
1159 1250 1359 1337 colloquium
1380 1250 1523 1336 spurium

355 1381 424 1424 esse
445 1358 606 1425 iudicavit.
649 1358 804 1426 Similiter
832 1362 920 1446 quod
946 1384 1112 1447 nunquam
1140 1361 1317 1427 indicatum
1339 1381 1403 1444 quo
1425 1357 1523 1423 modo

273 1470 344 1540 (35⁷)
357 1465 476 1551 Apollo
494 1487 533 1532 ex
555 1488 633 1553 agro
648 1465 789 1533 Troiano
810 1469 845 1533 in
866 1467 956 1535 Idam
977 1470 1160 1555 pervenerit
1172 1471 1211 1533 H
1222 1473 1283 1537 666
1304 1489 1432 1532 versum
1452 1488 1524 1531 mu-

355 1576 434 1640 tavit
455 1574 507 1657 (de
523 1597 587 1659 qua
606 1575 794 1654 mutatione,
814 1576 850 1640 in
872 1599 936 1661 qua
956 1599 1032 1643 sane
1052 1576 1162 1643 iudicii
1184 1575 1378 1662 elegantiam
1400 1572 1524 1639 deside·

354 1705 470 1760 ramus,
490 1686 576 1748 reete
590 1683 734 1750 iudicant
746 1684 965 1770 Aristarchei),
983 1707 1111 1752 versum
1134 1688 1168 1748 H
1180 1691 1241 1753 677
1262 1688 1299 1749 67
1320 1681 1523 1768 suppositum

355 1791 473 1856 reiecit
514 1789 564 1855 De
590 1790 650 1856 hac
674 1813 709 1857 re
737 1791 942 1859 Aristarchus
967 1816 1078 1860 verum
1102 1792 1230 1858 induxit
1256 1791 1423 1858 iudicium:
1454 1788 1523 1854 fieri

354 1897 508 1964 nonnulle
521 1899 608 1983 apud
622 1896 799 1965 Homerum
814 1922 897 1985 quae
911 1922 978 1965 non
1000 1900 1117 1967 diserte
1139 1900 1287 1967 dicantur
1307 1900 1363 1965 sed
1385 1920 1424 1963 er
1445 1918 1522 1962 con·

354 2006 502 2095 sequenti
533 2011 779 2092 cognoscantur.
831 2005 970 2085 ‚struite
1006 2007 1091 2073 κατὰ
1126 2004 1347 2092 συμπέρασμα
1382 2001 1471 2089 λέγει
1504 1998 1522 2068 ὃ

354 2111 496 2201 ποιητὴς
517 2112 743 2196 οιωπιομένιιις
764 2110 948 2200 γεγονόταα
962 2116 1117 2199 (Ariston.
1132 2119 1172 2180 H
1182 2117 1263 2201 432).
1298 2113 1375 2182 Loci
1390 2114 1446 2199 qui
1459 2112 1523 2178 hoo

289 2230 338 2282 747
356 2224 532 2307 probarent
553 2222 666 2303 notati,
687 2226 724 2289 nt
745 2224 776 2287 Ε
787 2228 856 2292 231.
876 2229 946 2292 337.
975 2227 994 2286 I
1013 2231 1082 2293 709.
1104 2228 1134 2288 P
1151 2231 1200 2292 24.
1221 2228 1250 2287 Σ
1268 2228 1338 2291 356.
1364 2226 1395 2285 Φ
1412 2230 1459 2289 17.
1475 2227 1523 2289 67.

354 2330 443 2397 Η666
468 2331 650 2416 observatio
677 2331 809 2398 omnino
835 2333 877 2398 ad
903 2355 1010 2398 veram
1035 2336 1204 2418 poetarum
1224 2330 1523 2417 interpretationem

355 2439 465 2524 magni
483 2439 639 2504 momenti
661 2442 742 2516 erat3
763 2443 797 2506 et
817 2439 859 2505 ad
879 2440 1030 2506 meliores
1044 2441 1245 2526 interpretes,
1265 2438 1396 2505 Latinos
1418 2439 1525 2518 etiam,

356 2544 403 2609 ita
423 2545 552 2610 transiit
570 2550 608 2612 ut
628 2569 723 2632 saepe
745 2569 783 2613 ea
804 2551 945 2614 utantur.

436 2667 491 2733 IH.
528 2670 668 2738 Omnino
685 2671 806 2737 clarum
821 2677 872 2738 est
890 2696 948 2759 per
961 2673 1125 2740 meliorem
1148 2673 1394 2759 explicationem
1415 2693 1524 2738 versus

356 2776 473 2841 servari
496 2798 591 2862 posse
617 2783 712 2845 antea
738 2785 914 2867 suspectos.
957 2780 1110 2847 Pulcrum
1137 2781 1319 2866 exemplum
1341 2784 1391 2846 est
1412 2801 1428 2843 ε
1449 2784 1524 2846 247:

355 2883 411 2948 ubi
438 2906 497 2950 nec
518 2885 727 2971 Aristophani
755 2887 904 2954 dedecori
932 2893 982 2955 est
1011 2890 1099 2973 quod
1124 2912 1190 2955 666
1217 2889 1375 2955 intellexit
1397 2890 1430 2952 et
1450 2886 1523 2950 Ari·

356 2992 500 3057 starchus
520 2992 628 3078 placet
648 2980 915 3081 interpretatione
935 2998 1047 3062 tuitus.

437 3116 493 3184 IV.
527 3115 665 3184 Multam
687 3118 855 3185 dubitandi
874 3120 1040 3186 materiam
1057 3122 1092 3187 in
1113 3121 1294 3188 Homericis
1316 3123 1393 3188 dant
1413 3141 1524 3187 versus

356 3222 405 3287 bis
431 3223 483 3288 vel
509 3228 635 3311 saepius
659 3228 797 3312 repetiti.
840 3227 912 3294 Hos
937 3233 975 3294 67
995 3251 1061 3296 666
1087 3234 1213 3296 tantum
1234 3229 1306 3295 loco
1328 3228 1525 3314 relinqueret

359 3377 564 3387 nnn-——m

456 3460 553 3528 φίλοις
572 3477 604 3515 τε
622 3462 724 3518 δοῦναι
742 3456 827 3531 σῶμά
843 3453 869 3518 τ’
887 3460 929 3528 εἰς
946 3455 1052 3528 νόσους
1070 3458 1163 3519 πεσὸν

456 3535 614 3599 δαπάναισι
631 3550 727 3602 σώσαι

353 3622 552 3699 μεταγράφων
570 3624 648 3687 οὕτω

455 3707 579 3785 πόρναις
595 3733 628 3772 τε
645 3717 746 3773 δοῦναι
764 3711 850 3787 σῶμά
865 3719 890 3775 τ’
910 3717 952 3786 εἰς
968 3716 1075 3787 νόσους
1090 3718 1183 3777 πεσὸν

456 3791 598 3865 δαπάναις
616 3796 768 3873 ἐπιτρίψαι
786 3833 820 3844 -

354 3885 403 3938 καὶ
422 3872 439 3939 ὂ
455 3885 558 3955 Ζήνων
574 3880 834 3956 ἐπανορθούμενος
849 3882 886 3943 τὸ
903 3896 957 3947 τοῦ
973 3891 1164 3963 Σοφοκλέους

458 3956 538 4033 ὅστις
556 3968 589 4026 δὲ
605 3969 681 4041 πρὸς
698 3969 842 4042 τύραννον
860 3971 1056 4047 ἐμπορεύεται

455 4054 554 4110 κείνου
571 4046 627 4109 ὀτι
644 4055 755 4120 δοῦλος,
774 4051 830 4113 κᾶν
846 4053 1004 4132 ἐλεύθερος
1019 4057 1102 4132 μόλῃ,

354 4136 540 4208 μετέγραφεν

457 4213 512 4277 οὖν
530 4215 592 4280 ἔστι
611 4224 723 4289 δοῦλος,
741 4219 778 4280 ἂν
793 4224 955 4300 ἐλεύθερος
969 4222 1054 4301 μόλῃ.
1387 4282 1390 4287 ,

355 4306 488 4361 Attamen
504 4307 574 4362 haec
591 4307 652 4378 ipsa
670 4308 798 4381 exempla
814 4328 865 4368 nos
887 4313 1041 4369 admonent
1062 4315 1098 4370 de
1119 4313 1347 4386 philosophorum
1369 4315 1525 4381 severitate,

357 4391 434 4446 cuins
451 4409 535 4462 supra
552 4392 724 4451 mentionem
739 4394 801 4454 feci.
