3425 4934
578 1154 880 1270 Dissertatio
917 1159 995 1270 IV.

638 1398 706 1478 De
734 1399 943 1506 prosodia.

736 1745 777 1821 O.
806 1748 834 1823 Ι.

597 1990 601 1998 ,
661 1927 711 1991 De
732 1929 921 1994 accentibus,

287 2096 306 2179 ἕ
332 2101 357 2160 1.
400 2092 556 2159 Veterum
582 2094 865 2178 grammaticorum
889 2095 1004 2161 merita
1025 2095 1053 2160 si
1075 2096 1147 2180 quis
1168 2100 1254 2162 recte
1276 2097 1374 2162 aesti-

205 2224 292 2269 mare
313 2199 392 2280 vult,
410 2200 439 2265 is
459 2222 536 2285 prae
558 2199 630 2265 aliis
650 2200 761 2266 multis
783 2201 845 2267 hoc
866 2224 968 2268 unum
989 2225 1097 2269 secum
1115 2206 1253 2288 reputet,
1269 2225 1374 2288 quan·

206 2311 248 2375 tis
270 2307 433 2374 laboribus
461 2310 649 2393 quantoque
679 2308 824 2375 acumine
850 2331 933 2395 opus
960 2310 1059 2376 buerit
1079 2310 1120 2376 sd
1140 2311 1240 2376 libros
1261 2333 1371 2377 accen·

206 2422 297 2483 tuum
318 2416 405 2481 uotis
428 2415 682 2501 distinguendos.
726 2415 789 2494 Qui
806 2415 900 2481 labor
920 2418 948 2482 si
969 2418 1004 2482 in
1025 2418 1225 2485 orationibus
1246 2423 1303 2485 aut
1322 2420 1373 2483 in·

206 2525 343 2610 cepisset
364 2528 421 2589 aut
441 2522 650 2602 substitisset,
671 2522 806 2590 fortasse
828 2524 986 2591 industria
1006 2527 1075 2592 sola
1096 2526 1277 2593 adhibenda
1297 2531 1373 2606 erat,

206 2634 325 2720 quippe
346 2653 419 2697 cum
440 2631 473 2695 in
494 2630 655 2715 plerisque
676 2632 788 2717 regula
808 2636 959 2698 accentus
981 2653 1019 2696 ex
1041 2633 1220 2700 doctiorum
1235 2634 1372 2700 Graeco·

204 2764 284 2821 rum,
304 2741 470 2806 rhetorum
491 2737 820 2824 philosophorumque
834 2742 905 2804 tnm
920 2740 1055 2805 maxime
1071 2741 1303 2827 disputantium
1318 2764 1372 2807 ore

203 2849 271 2935 peti
292 2848 460 2933 potuisset.
489 2844 554 2913 Sed
574 2867 647 2911 cum
668 2847 703 2911 in
724 2845 868 2912 Homero
889 2846 1022 2933 aliisque
1044 2850 1149 2933 poetis
1169 2849 1372 2933 potissimum

203 2957 283 3023 haec
305 2978 402 3041 opera
422 2959 613 3033 versaretur,
640 2953 696 3038 qui
716 2954 838 3039 ignotis
864 2975 901 3020 sc
918 2954 969 3020 rel
990 2955 1055 3019 iem
1076 2956 1131 3021 diu
1151 2956 1370 3022 intermortuis

206 3066 256 3132 rel
269 3064 332 3130 hoc
347 3065 380 3129 et
395 3061 450 3127 illo
465 3060 615 3127 Graeciae
630 3060 751 3146 angulo
766 3061 940 3128 reconditis
953 3062 1119 3128 vocabulis
1133 3063 1243 3129 referti
1258 3067 1373 3143 essent,

205 3172 268 3238 nisi
295 3175 329 3237 et
358 3169 504 3235 doctrina
533 3172 565 3234 et
596 3168 756 3233 subtilitas
792 3173 825 3235 et
850 3170 978 3234 nativus
1000 3170 1130 3255 quidam
1150 3171 1217 3237 veri
1235 3170 1372 3255 falsique

206 3300 319 3346 sensus
340 3278 513 3355 accederet
534 3276 638 3341 omnis
659 3274 752 3341 labor
768 3296 869 3342 vanus
887 3298 1052 3362 vagusque
1067 3282 1145 3345 erat.
1172 3278 1372 3363 Quamquam

205 3386 257 3453 rel
284 3385 466 3473 vulgarium
495 3382 725 3450 vocabulorum
755 3388 906 3450 accentus
938 3407 1032 3470 saepe
1059 3408 1127 3452 uon
1154 3385 1217 3451 nisi
1245 3386 1371 3450 assidua

207 3494 430 3561 observatione
451 3490 606 3557 constitit.
640 3490 679 3560 Ε.
694 3513 725 3577 g.
739 3510 908 3577 πειρησαι,
931 3493 1098 3559 notionem
1119 3494 1300 3578 imperativi
1313 3492 1371 3557 fla-

208 3604 323 3686 gitans,
343 3602 378 3667 in
398 3599 579 3665 Homericis
602 3598 745 3677 offertum
766 3622 831 3685 quo
851 3605 985 3666 accentu
1007 3600 1157 3667 notabis?
1191 3599 1255 3668 Sed
1277 3601 1370 3684 quid·

208 3710 285 3795 quid
310 3710 344 3775 in
369 3710 430 3775 hac
456 3731 490 3773 re
519 3706 559 3773 sb
580 3706 805 3773 Alexandrinis
825 3709 1028 3792 praestitum,
1053 3709 1087 3773 id
1108 3712 1213 3774 totum
1234 3709 1274 3774 ab
1295 3710 1370 3774 Ari·
1382 3718 1453 3787 (258)

207 3816 333 3882 starcho
355 3816 494 3902 pendere
515 3817 584 3881 inre
606 3814 838 3880 contendimus.
878 3813 1009 3881 Etenim
1031 3839 1225 3901 quamquam
1245 3815 1370 3882 Aristo-

206 3924 328 4011 phanes
350 3924 467 3991 dicitur
487 3926 581 3989 notas
602 3925 792 3988 accentuum
812 3922 980 4003 invenisse,
1001 3927 1109 3989 tumen
1125 3924 1160 3987 in
1177 3924 1240 3990 hoc
1253 3945 1370 4010 genere

207 4033 276 4099 eius
303 4053 400 4117 opera
427 4032 544 4118 exigua
564 4030 641 4111 fuit,
666 4029 802 4095 fortusse
822 4029 857 4093 in
879 4030 1082 4116 generalibus
1105 4031 1296 4116 quibusdam
1320 4054 1370 4097 re-

205 4140 291 4227 gulis
310 4139 419 4225 potius
441 4162 536 4223 quam
557 4138 592 4203 in
613 4137 751 4225 singulis
772 4142 941 4223 poetarum
956 4139 1089 4204 vocibus
1102 4139 1253 4204 notandis
1268 4142 1301 4205 et
1316 4162 1370 4205 ex-

204 4246 372 4333 pediendis
395 4250 560 4332 occupata:
588 4246 669 4312 etsi
691 4246 769 4331 quid
790 4246 947 4312 eiusmodi
969 4246 1113 4324 tentavit,
1132 4268 1209 4330 prae
1229 4247 1370 4313 Aristar·

204 4356 285 4421 cheu
308 4376 405 4438 opera
430 4357 496 4420 tam
523 4354 604 4421 exile
632 4355 736 4421 visum
764 4357 814 4420 est
843 4356 880 4418 ut
905 4356 1010 4420 totum
1031 4353 1072 4419 ab
1093 4351 1149 4418 illa
1171 4354 1367 4422 obrueretur.
1386 4373 1433 4425 251
