3425 4934
260 360 282 411 1.
302 353 377 421 Quid
393 358 459 410 ante
477 353 669 409 Aristarchum
688 353 717 407 iu
734 353 787 407 hac
804 353 950 424 interpret.
967 354 1133 424 praestitum
1150 353 1287 409 videatur.
1320 364 1359 425 37

191 529 295 603 stans,
322 546 383 588 nec
404 523 591 588 Homericos
615 520 737 604 glossas
759 522 839 587 scire
860 523 1016 608 coarguit.
1050 523 1106 589 Ar.
1128 523 1243 608 fragm.
1265 523 1360 589 Dind.

191 656 221 718 p.
243 639 281 700 41
306 631 461 717 <Mamali
481 630 576 717 frgm.
599 652 681 695 com.
705 628 757 695 Gr.
775 628 807 694 l]
829 637 847 696 2
870 653 900 714 p.
920 631 1014 715 1031>

192 737 277 826 πρὸς
295 740 401 804 ταῦτα
421 735 461 802 σὺ
483 734 579 818 λέξον
595 730 792 825 Ὃμηρειόυς
813 731 964 823 γλώττας,
985 733 1020 801 τί
1037 737 1178 804 καλοῦσι
1192 733 1360 823 κόρυμβος

193 853 225 915 at
491 841 525 911 τί
545 839 679 912 καλούο’
700 838 846 932 ἀμενηνὰ
867 843 1047 932 κύρηναςῖ0

193 956 382 1034 Quaerimus
410 956 510 1042 igitur
530 956 628 1020 fuerit
647 954 770 1039 aliquid
793 977 831 1019 ex
851 953 902 1018 his
924 957 1151 1042 magistrorum
1174 955 1361 1041 explicatio·

192 1065 287 1130 nibus
309 1064 429 1148 scripto
452 1063 619 1140 traditum,
641 1062 728 1146 quod
750 1061 791 1126 ad
810 1061 1101 1128 Alexandrinorum
1122 1067 1268 1148 tempora
1289 1086 1362 1148 per·

192 1171 324 1239 venerit.
361 1170 434 1236 Hoc
459 1170 581 1235 factum
607 1191 676 1234 esse
702 1169 763 1234 aio.
800 1168 1099 1236 Commemorantur
1128 1176 1161 1237 et
1181 1171 1363 1237 refutantur

192 1281 232 1345 ab
259 1279 448 1345 Aristarcho
475 1278 602 1363 saepius
628 1277 684 1361 qui
714 1278 878 1343 communi
904 1279 1033 1344 nomine
1061 1280 1210 1345 dicuntur
1237 1279 1362 1365 glosso-

192 1387 316 1474 graphi
350 1386 423 1451 Hoc
437 1386 567 1451 nomine
588 1385 674 1450 docti
689 1385 908 1464 Alexandrini,
926 1386 954 1451 si
976 1386 1031 1470 qui
1053 1392 1127 1452 ante
1141 1387 1362 1453 Aristarchum

191 1495 316 1581 glossas
338 1495 539 1579 scripserant
560 1498 598 1558 ut
611 1492 761 1571 Philetas,
784 1494 1017 1578 Aristophanes
1037 1497 1243 1580 (quamquam
1265 1496 1299 1560 hi
1321 1519 1362 1561 ne

191 1601 380 1670 Homericos
400 1602 530 1686 quidem
545 1601 669 1687 glossas
690 1601 892 1685 scripserant,
915 1624 997 1685 quae
1019 1602 1106 1667 solae
1124 1601 1189 1667 illis
1210 1603 1290 1668 locis
1312 1626 1363 1669 re·

191 1711 271 1795 spici
285 1710 446 1793 ridentur)
468 1710 524 1774 sed
543 1709 598 1774 isti
614 1709 788 1795 significari
807 1731 873 1773 non
894 1713 1039 1794 possunt,
1059 1709 1146 1794 quod
1169 1714 1201 1775 at
1221 1708 1363 1776 illustres

192 1818 394 1905 grammatici
420 1839 478 1882 suo
507 1817 643 1901 quisque
670 1817 801 1882 nominc
822 1818 984 1882 refutandi
1006 1821 1098 1883 erant
1117 1839 1177 1883 nec
1197 1816 1231 1881 hi
1254 1818 1292 1882 de
1314 1822 1364 1882 tot

191 1925 359 1992 vocabulis
371 1948 471 1990 unum
486 1924 635 2009 idemque
654 1925 800 1990 attulisse
815 1925 967 1990 censendi
981 1929 1058 1991 sunt
1070 1927 1259 2011 praesertim
1273 1927 1364 1992 falsa.

194 2034 334 2112 Quodsi
357 2034 408 2098 cui
430 2031 612 2118 argumenti
633 2053 699 2097 non
721 2033 799 2097 satis
820 2032 947 2097 videtur
969 2032 996 2097 is
1018 2033 1105 2118 ipsas
1125 2032 1255 2100 illorum
1276 2033 1365 2118 glos·

194 2140 428 2227 sographorum
456 2140 739 2224 interpretationes
769 2139 934 2223 inspiciat:
971 2140 1081 2204 statim
1106 2140 1267 2225 intelliget
1297 2145 1365 2205 tam

193 2248 331 2334 pueriles
356 2249 391 2312 in
413 2247 607 2333 explicandis
628 2248 762 2313 vocibus
783 2246 966 2313 Homericis
988 2269 1111 2313 errores
1132 2271 1198 2313 non
1220 2249 1364 2333 potuisse
1376 2251 1430 2321 (⁴1⁴)

194 2358 255 2422 nisi
276 2379 315 2422 ea
336 2359 442 2422 aetate
464 2356 611 2441 grassari,
634 2377 716 2439 quae
738 2355 826 2419 omni
848 2354 1013 2420 doctrinae
1034 2359 1190 2440 apparatu
1211 2355 1366 2421 destituta

194 2487 259 2530 non
277 2466 422 2530 locorum
439 2464 680 2548 comparatione
698 2485 828 2528 sensum
846 2461 1081 2527 vocabulorum
1097 2464 1287 2547 exquireret,
1308 2463 1366 2529 sed

195 2573 351 2658 quidquid
371 2572 510 2657 primum
530 2572 670 2637 intuenti
691 2593 803 2636 sensus
825 2569 972 2656 flagitare
991 2570 1160 2649 videretur,
1180 2571 1213 2635 id
1235 2593 1293 2656 pro
1314 2572 1364 2635 in·

194 2681 424 2766 terpretatione
446 2681 609 2765 arriperet.
644 2681 674 2741 Σ
689 2686 749 2747 540
770 2675 903 2762 νεκρούς
921 2669 947 2741 τ’
969 2671 1125 2763 ἀλλήλων
1148 2672 1243 2760 ἔρυον
1263 2701 1366 2744 κατα-

193 2790 397 2873 τιθνρῶταςτ
422 2782 454 2874 (ἡ
478 2786 595 2875 διπλῆ)
616 2783 665 2854 ὅτι
686 2781 743 2851 ἐπὶ
764 2788 830 2849 τῶν
850 2780 1011 2852 τοιούτων
1029 2778 1143 2851 τόπων
1164 2780 1197 2850 oi
1218 2784 1366 2870 γλωσσο-

194 2890 319 2984 γράφοι
332 2892 468 2978 νεκρούς
478 2892 558 2973 τούς
570 2891 665 2972 νέους
677 2889 849 2977 ὑπέλαβον
866 2889 1039 2977 λέγεσθαι.
1063 2932 1098 2941 -
1125 2895 1158 2956 Ψ
1173 2899 1211 2962 16
1230 2885 1365 2959 δεύοντο

193 2998 367 3091 ψάμαθοι,
390 2997 524 3070 δεύοντο
540 3000 577 3069 di
589 2995 705 3083 τεύχεα
726 3003 846 3090 φωτῶν
869 2994 1020 3086 δάκρυσι·
1039 3002 1132 3067 τοῖον
1153 2998 1215 3085 γὰρ
1237 2999 1367 3068 πόθεον

194 3107 350 3202 μήστωρα
370 3107 513 3201 φόβοιοι
534 3104 567 3200 (ἡ
590 3109 705 3199 διπλῆ)
727 3105 781 3175 ὅτι
803 3101 983 3195 αὐξητικῶς
1002 3106 1040 3174 τὸ
1061 3110 1167 3194 τοῖον,
1187 3101 1246 3190 ούγ
1267 3103 1313 3187 ὡς
1334 3104 1365 3175 ci

196 3214 451 3307 γλωσσογράφοι
481 3211 633 3299 ἀξιοῦσιν
660 3210 804 3304 ἀγαθόν.
847 3217 942 3284 Eust.
970 3214 1074 3287 6206
1100 3212 1193 3283 cclcc
1217 3213 1277 3302 γὰρ
1310 3213 1367 3282 καὶ

194 3322 331 3410 πατρός,
350 3317 373 3392 ii
387 3322 446 3392 καὶ
458 3323 653 3409 πεπνυμένα
667 3322 794 3411 βύζειςε
813 3318 922 3391 ἰστέον
937 3321 1042 3391 ὅτιτὸ
1057 3318 1150 3391 τοίου
1165 3321 1224 3411 γὰρ
1239 3321 1368 3407 πατρός

196 3429 228 3501 οἱ
241 3428 499 3524 γλωσσογράφοι
517 3428 589 3501 ἀντὶ
602 3439 662 3502 τού
676 3428 812 3520 ἀγαθοῦ
826 3454 940 3519 φασιν,
964 3427 1011 3511 ὥς
1029 3430 1071 3497 τὰ
1093 3431 1225 3499 παλαιὰ
1247 3429 1366 3513 σχόλια

198 3644 337 3737 ἀγαθοί·
361 3648 445 3717 ὅθεν
458 3649 516 3717 καὶ
532 3645 750 3735 Καλλίμαχος
761 3652 809 3736 τῷ
829 3645 929 3715 τοίων
951 3641 1004 3715 ἀεὶ
1024 3650 1114 3735 (tm)
1136 3645 1299 3735 κέχρηται.
1334 3649 1365 3712 Ω

200 3769 257 3831 164
277 3755 367 3849 ἀμφὶ
388 3757 426 3825 δὲ
446 3757 556 3846 πολλὴ
579 3754 706 3844 κύπρος
725 3751 782 3845 ἔην
802 3757 934 3848 κεφαλῇ
953 3780 989 3822 τε
1008 3754 1067 3822 καὶ
1086 3749 1199 3837 αύχένι
1216 3758 1289 3824 τοῖο
1310 3752 1365 3842 γέ·
1378 3761 1410 3812 37

262 4001 288 4042 ²⁰
309 3998 369 4054 Hoc
386 3997 574 4067 fragmentum
592 3992 712 4048 maxima
728 3990 844 4048 Seidleri
862 4009 948 4062 opera
965 4009 1040 4048 nunc
1057 4009 1147 4063 paene
1165 3995 1319 4047 correctum
1336 3994 1367 4048 et

198 4083 357 4141 restitutum
368 4082 487 4138 videtur.
514 4080 569 4135 Sed
580 4096 661 4135 versu
673 4077 779 4144 ultimo,
797 4076 847 4133 ubi
864 4076 1021 4147 accepimus
1042 4078 1087 4140 ric
1103 4080 1192 4131 τούτο
1209 4080 1270 4132 τῶν
1285 4079 1367 4147 ξυνη-

198 4163 294 4240 γύρων
309 4169 462 4240 τηρεύεται
479 4166 523 4221 vel
540 4165 684 4236 τερύεται,
700 4179 753 4218 nec
769 4163 907 4234 γηρύεται
923 4179 1016 4217 verum
1034 4159 1121 4217 luent
1141 4178 1193 4217 nec
1210 4161 1366 4232 θηρεύεται

199 4254 284 4322 (quod
300 4253 429 4309 Fritrsch.
447 4248 594 4322 proposuit
610 4246 645 4303 de
663 4245 771 4303 Daetal.
788 4267 816 4318 p.
834 4249 887 4318 54),
904 4245 952 4302 sed
969 4245 1165 4317 τερατεύεται.

247 4341 290 4382 ²⁰⁸
312 4335 462 4408 (triceni.
484 4334 606 4392 Meinelu
627 4331 730 4388 vindic.
752 4332 879 4389 Strabon.
902 4351 929 4403 p.
953 4335 1014 4397 2113
1039 4328 1089 4384 sed
1108 4347 1134 4385 v.
1157 4330 1187 4386 Ο.
1206 4327 1365 4384 Schneider.

199 4423 301 4478 Gallim.
319 4424 346 4479 11
362 4441 390 4497 p.
407 4427 455 4479 271
475 4422 530 4494 sq.)
