3425 4934
629 334 653 386 5.
682 328 724 384 De
741 328 818 384 Ulixi
835 328 981 385 erroribus.
1306 337 1365 400 241

199 491 312 572 Niese‚
337 493 533 580 Apollodors
563 497 768 564 commentar
795 521 869 564 zum
890 495 1157 581 Schiffskataloge
1184 496 1232 561 als
1254 495 1366 574 Quelle

201 600 347 681 Strabos‚
381 601 463 667 Mus.
500 602 602 671 Rhea.
634 604 752 671 XXXII
780 628 813 690 p.
839 610 900 673 267
932 626 1000 690 sqq.
1035 608 1069 669 et
1101 625 1182 688 quae
1216 603 1367 669 Lehrsius

201 708 240 772 de
270 707 331 773 hac
365 712 636 778 commentatione
672 713 801 798 scripsit
834 709 1091 778 Wissenschattl.
1118 710 1292 777 Monatsbl.
1321 709 1368 775 VI

200 837 230 899 r·
251 822 292 884 ⁷0
312 818 397 901 8ee>

750 988 769 1072 s
791 995 820 1055 4.

533 1172 535 1181 =
608 1136 658 1202 οι
683 1136 772 1203 oze
792 1137 959 1204 monac.

282 1298 388 1366 Schol.
418 1323 434 1364 ε
455 1308 495 1369 55
521 1298 608 1386 πρὸς
632 1299 674 1366 τὰ
697 1300 859 1391 περὶτῆς
886 1295 1016 1387 πλάνης
1036 1294 1090 1365 ὅτι
1110 1295 1222 1385 aiddu
1243 1321 1311 1364 που
1334 1294 1369 1364 ἐν

201 1400 487 1489 ἐκιετοπισμένοις
506 1400 628 1487 τόποις
648 1402 818 1495 ἀορίστοις
848 1416 907 1478 cet
933 1405 1088 1476 Similiter
1109 1430 1130 1470 κ
1153 1412 1220 1475 190.
1255 1403 1366 1475 6556.

240 1521 308 1583 204.

202 1511 221 1592 ζ
281 1621 376 1688 Italia
396 1623 528 1690 inferior
550 1628 583 1690 et
602 1626 764 1692 interioris
785 1626 883 1691 maris
904 1646 978 1710 pars
1000 1624 1147 1689 adiacens
1165 1622 1287 1708 repleta
1301 1626 1370 1688 erat

200 1731 416 1797 monumentis
438 1733 553 1798 erroris
573 1732 669 1801 Ulixi.
713 1732 763 1799 Ibi
785 1738 854 1800 erat
867 1728 1064 1811 Σκύλλαιον,
1088 1725 1262 1814 Κίρκαιον,
1278 1721 1370 1795 Αἰό-

201 1834 259 1902 loc
279 1838 393 1923 νῆσος,
413 1841 652 1927 Σιιρηνοῦοοοιι
672 1840 787 1907 etalio
807 1840 932 1907 similia
961 1839 1105 1918 Quorum
1124 1839 1290 1905 nominum
1305 1838 1369 1904 ori·

200 1944 308 2032 finem
321 1944 414 2012 facile
428 1946 649 2035 intelligimus.
679 1947 811 2015 Scilicet
824 1970 897 2014 cum
913 1949 1111 2014 occidentem
1124 1969 1234 2012 versus
1241 1945 1368 2012 Ulixem

200 2074 321 2118 errasse
353 2075 391 2119 ex
424 2055 618 2121 carminibus
644 2055 778 2122 Homeri
810 2057 887 2122 satis
915 2055 1067 2138 eluceret,
1093 2058 1267 2140 postquam
1292 2053 1368 2120 illae

199 2160 348 2245 regiones
379 2184 437 2245 per
463 2161 601 2230 Graecos
629 2168 743 2230 nautas
764 2163 962 2249 frequentari
983 2166 1129 2248 coeptae,
1154 2162 1235 2228 locis
1255 2183 1366 2228 recens
1379 2133 1450 2258 Q)

200 2268 336 2333 detectis
361 2268 493 2333 nomina
519 2275 711 2355 quaerentes
738 2294 797 2356 pro
819 2271 953 2336 arbitrio
975 2270 1198 2356 imposnemnt
1219 2269 1368 2355 mythica.

199 2372 303 2439 Multa
327 2374 463 2441 fortasse
490 2377 648 2444 debentur
667 2377 938 2445 Phocaeensibus.
981 2376 1063 2443 Item
1090 2378 1130 2443 ad
1157 2400 1229 2443 oras
1249 2376 1368 2463 Libyae

199 2481 288 2547 locos
324 2483 503 2567 complures
530 2486 571 2550 ab
597 2485 746 2552 Menelao
783 2489 816 2551 et
842 2485 967 2551 Helena
997 2485 1099 2550 dictos
1126 2507 1195 2551 esse
1222 2484 1264 2567 (v.
1286 2506 1312 2552 e.
1335 2506 1367 2570 g.

200 2587 304 2656 Strab.
326 2588 342 2654 I
362 2613 394 2676 p.
416 2598 465 2660 40.
487 2591 533 2659 St.
553 2592 628 2679 Byr.
646 2588 821 2678 Ἕλένιιος)
850 2593 1076 2679 comperimus:
1103 2593 1190 2678 quod
1215 2613 1274 2658 nec
1299 2590 1369 2657 Me·

199 2697 292 2764 nelao
314 2697 463 2779 debetur,
488 2721 547 2765 nec
568 2701 754 2788 Aegyptiis,
779 2701 836 2767 sed
862 2724 882 2766 a
908 2702 1014 2766 nautis
1036 2699 1165 2767 Graecis
1190 2699 1370 2785 profectum

199 2827 271 2870 cum
292 2805 444 2890 frequens
470 2806 511 2871 ad
530 2806 589 2873 has
610 2810 759 2896 regiones
782 2808 889 2873 aditus
910 2813 1004 2875 esset.
1046 2807 1097 2873 Illi
1118 2808 1204 2872 idem
1223 2806 1369 2873 fecerunt

200 2913 292 2998 quasi
318 2914 346 2979 si
373 2914 425 2979 cui
449 2912 546 2979 hodie
568 2917 729 2982 nauarcho
750 2916 980 2982 Britannorum
1001 2915 1125 2981 insulae
1147 2913 1209 2979 sibi
1229 2914 1367 3000 primum

199 3024 344 3105 repertae
371 3043 491 3087 nomen
521 3025 687 3108 quaerenti
713 3024 867 3091 arrideret
889 3045 1007 3090 nomen
1028 3020 1256 3103 „Artusinsel“;
1283 3022 1368 3086 unde

199 3127 337 3211 posteris
358 3150 417 3193 nec
438 3127 550 3196 liceret
571 3131 760 3197 concludere
781 3132 845 3197 illic
867 3130 1029 3216 quondam
1050 3130 1167 3194 Artum
1185 3150 1295 3215 regem
1317 3151 1368 3194 se·

201 3233 272 3300 dem
298 3233 451 3302 habuisse
476 3259 536 3302 nec
560 3238 688 3324 Anglos
716 3239 757 3303 ab
784 3240 845 3305 hac
876 3237 983 3303 insula
1008 3236 1166 3323 originem
1192 3236 1308 3303 ducere
1335 3241 1368 3301 et

199 3339 274 3405 hinc
300 3341 378 3407 olim
405 3343 498 3409 sedes
524 3345 744 3414 translocasse.
786 3346 909 3412 Eadem
937 3345 1027 3430 origo
1063 3343 1255 3410 Cimmerii
1285 3342 1368 3410 Bos·

199 3449 282 3532 pori,
311 3450 397 3515 unde
424 3449 541 3517 Strabo
567 3452 692 3539 colligit
717 3476 756 3519 eo
780 3454 852 3520 loco
884 3453 1069 3520 Cimmerios
1095 3451 1267 3518 habitasse.
1313 3451 1367 3518 Sic

198 3555 347 3640 scopulos
370 3559 526 3642 quosdam
549 3560 631 3625 circa
652 3559 778 3627 Italiam
796 3553 1038 3647 Σοιρηνούοοας
1058 3559 1161 3624 dicere
1182 3564 1368 3644 promptum

198 3666 267 3728 erat
291 3665 407 3730 nautis.
451 3664 515 3733 Sed
541 3690 614 3733 cum
647 3690 723 3734 casu
751 3692 818 3735 non
846 3668 910 3733 dno
939 3670 1046 3734 essent
1074 3666 1196 3752 scopuli
1222 3667 1278 3731 sed
1302 3670 1367 3731 tres

199 3770 238 3852 (v.
260 3768 364 3839 Strab.
387 3770 411 3840 Ι.
433 3796 464 3859 p.
487 3774 550 3859 22),
570 3779 636 3840 tres
658 3774 786 3842 Sirenes
808 3776 842 3841 in
864 3774 991 3841 fabulas
1012 3777 1184 3851 venerunt;
1206 3772 1368 3839 Homerus

197 3987 254 4039 qno
272 3970 354 4025 modo
372 3987 430 4026 non
447 3975 564 4029 constat.
593 3972 705 4029 'lboiam
722 3974 837 4031 Homeri
854 3991 911 4029 non
930 3990 971 4039 eo,
990 3989 1046 4042 quo
1062 3971 1200 4043 posterior
1217 3975 1286 4036 crat,
1304 3972 1365 4028 ¹000

198 4055 292 4119 fuisse,
309 4053 428 4126 simplici
438 4072 491 4112 nec
509 4058 715 4113 contemnendo
733 4062 908 4129 argumento,
926 4074 960 4112 ex
977 4057 1032 4113 loci
1048 4061 1150 4112 natura
1166 4055 1265 4126 petito,
1281 4056 1369 4127 suspi-

198 4142 263 4195 cata
279 4142 341 4195 erat
356 4138 488 4196 Hestiaea
503 4141 694 4198 Alexandrina
710 4143 741 4197 in
758 4142 831 4197 libro
848 4144 918 4212 περὶ
939 4132 1064 4213 Ὀμήρου
1082 4132 1208 4205 Ἰλιάδος.
1243 4140 1368 4197 Comme·

197 4225 357 4279 metaverat
374 4238 436 4279 eam
453 4222 610 4283 Demetrius
627 4226 729 4298 (Strab.
748 4231 797 4282 599
817 4226 834 4281 L
852 4225 938 4297 XIII).
967 4226 1058 4291 Hunc,
1076 4223 1126 4294 qui
1142 4223 1202 4295 ipse
1220 4225 1290 4281 haec
1307 4226 1369 4281 loca

197 4308 291 4380 patria
312 4305 366 4362 sibi
387 4307 567 4379 lustraverat,
588 4310 746 4366 invenimus
767 4311 952 4381 grammatica
973 4312 1003 4366 et
1023 4307 1200 4365 Aristarcbea
1220 4309 1369 4381 diligentu

197 4408 232 4450 cx
248 4391 364 4449 Homeri
381 4391 552 4451 carminibus
567 4395 663 4452 omnia
680 4394 721 4450 rei
736 4398 904 4467 argumenta
921 4398 1103 4467 comportare.
1186 4448 1189 4454 .

239 4479 347 4534 naurs,
361 4480 497 4523 macaron.
1127 4483 1158 4535 16
