3425 4934
433 347 456 397 1.
488 341 642 397 Aristarchi
659 358 735 397 error
751 340 782 396 in
799 339 935 397 vocabulo
957 334 1064 410 διερός.
1294 351 1334 412 49

245 511 279 578 Si
312 511 443 596 quidem
472 534 492 575 a
522 509 725 596 physiologis
758 531 863 575 sermo
891 507 1030 575 Graecus
1059 509 1209 575 conditus
1239 514 1332 587 esset,

165 618 369 686 haecomnia
388 618 567 684 itehabere
586 618 761 684 crederem:
782 638 869 683 nunc
890 637 964 682 vero
986 621 1073 682 recte
1095 617 1224 702 quidem
1245 639 1331 683 mor·
1344 618 1399 689 (58)

164 734 254 794 tuum
279 726 443 793 hominem
471 717 584 811 ξηρόν,
607 714 702 803 αὖον,
729 717 884 790 οκιλετόν
906 724 969 791 dici
992 725 1136 810 potuisse
1158 725 1332 790 contendo:

165 836 281 921 quippe
310 838 344 899 et
369 837 419 900 est
443 838 483 899 et
509 833 633 899 oculis
660 834 717 898 ita
743 855 825 900 esse
854 832 1033 898 cernitur
1059 832 1107 897 ab
1142 831 1334 897 omnibus:

164 942 217 1008 sed
250 942 351 1006 udum
379 940 545 1007 hominem
571 941 697 1007 nullum
724 963 793 1007 esse
814 940 878 1005 nisi
902 939 959 1024 qui
980 939 1075 1005 sudat
1095 938 1146 1004 vel
1167 959 1185 1003 e
1206 937 1333 1004 lavacro

162 1050 281 1136 prodiit
306 1047 358 1113 vel
382 1046 491 1132 pluvia
515 1049 624 1114 madet
651 1049 703 1114 vel
729 1049 827 1114 etiam
848 1085 889 1096 -
910 1046 967 1113 sed
994 1046 1072 1131 quid
1092 1044 1194 1111 multa
1215 1045 1332 1131 colligo

162 1158 194 1221 in
214 1180 250 1221 re
270 1157 403 1241 aperta?
429 1153 492 1219 Hic
514 1155 599 1220 enim
620 1155 725 1222 valere
747 1156 855 1234 debet,
882 1156 970 1239 qnod
995 1155 1029 1219 in
1057 1153 1219 1219 simillima
1239 1174 1335 1218 causa

162 1264 336 1349 prudenter
357 1262 561 1327 observatum
583 1266 634 1327 est
654 1286 673 1327 a
694 1262 906 1349 grammatico
935 1261 976 1326 ad
1000 1265 1033 1324 Φ
1053 1267 1127 1329 252:
1160 1252 1273 1325 αἰετοῦ
1293 1296 1334 1307 -—

160 1366 306 1452 μέλανος
324 1371 384 1437 τοῦ
405 1372 611 1455 δηρητῆροςε
629 1362 861 1456 Ἀριστοτέλης
878 1362 1083 1452 μελανόοτον
1103 1361 1333 1453 ἀναγινώσκει,

160 1480 218 1544 τοῦ
241 1472 371 1559 μέλανα
400 1468 483 1542 ὀστᾶ
513 1470 657 1556 ἔχοντος·
690 1470 827 1563 ἀγνοεῖ
852 1473 896 1542 δὲ
921 1474 972 1554 ιδς
998 1468 1040 1540 οὗ
1072 1468 1236 1541 octeno
1260 1478 1335 1539 τῶν

160 1579 323 1669 ἀφανῶν
336 1585 551 1650 ποιεῖσθαι
565 1582 611 1650 τὰ
626 1578 807 1651 ἐπίθετα.
829 1585 919 1663 Quae
935 1584 1114 1651 observatio
1130 1583 1335 1651 Aristarchea

159 1694 322 1761 videbitur
343 1694 543 1778 comparanti
564 1694 786 1759 Aristonicum
807 1694 847 1759 ad
870 1697 907 1755 Π
928 1697 998 1759 634.

242 1801 392 1884 Denique
407 1800 469 1865 hoc
484 1800 580 1865 etiam
602 1801 723 1886 aliquid
744 1801 901 1867 momenti
923 1799 1064 1878 habebit,
1087 1797 1175 1883 quod
1195 1798 1252 1883 qui
1273 1796 1332 1862 ali·

158 1931 223 1993 quo
246 1908 354 1993 poesis
384 1929 481 1974 sensu
503 1907 619 1972 imbuti
651 1913 759 1975 essent
786 1909 832 1986 id,
859 1907 947 1993 quod
968 1905 1146 1997 Homerum
1168 1905 1334 1971 admisisse

157 2016 282 2095 volunt,
302 2036 470 2098 nunquam
492 2015 610 2080 imitati
630 2019 716 2083 sunt.
751 2015 903 2081 Fortasse
924 2015 1031 2080 minus
1051 2013 1117 2079 huc
1138 2014 1256 2079 attinet
1277 2013 1333 2078 ad·

158 2142 273 2190 vocare
295 2126 409 2208 poetas
430 2122 571 2206 Atticos,
592 2126 629 2188 ut
649 2123 903 2209 Aristophanem
924 2123 1028 2206 (cuius
1048 2119 1180 2206 διεροὺς
1198 2114 1334 2198 οἰωνούς

157 2230 243 2297 Nub.
272 2235 347 2310 336,
378 2227 472 2313 διερὰ
493 2225 577 2316 μέλη
604 2230 662 2297 Av.
684 2237 745 2298 212
773 2231 838 2296 iam
865 2229 1079 2296 Schneiderus
1107 2232 1142 2294 et
1160 2228 1334 2294 Passovius

158 2344 191 2405 et
223 2342 557 2405 commemoraverunt
589 2342 623 2403 et
654 2338 888 2424 explicuerunt)
922 2337 973 2403 vel
1005 2335 1215 2421 Aeschylum,
1248 2335 1334 2420 apud

158 2468 256 2531 quem
271 2446 299 2511 si
319 2449 407 2511 recte
420 2443 543 2531 legitur
556 2445 591 2510 in
605 2444 742 2514 Flumen.
771 2450 832 2513 258
847 2433 931 2527 αἷμα
944 2445 1098 2531 μητρῷον
1111 2492 1120 2509 .
1135 2492 1143 2508 .
1163 2438 1202 2508 τὸ
1222 2439 1334 2526 διερὸν

157 2549 254 2639 πέδῳ
280 2548 459 2635 κεχυμένον
485 2546 624 2633 οἴχεται,
658 2553 740 2618 nihil
766 2552 941 2637 significari
967 2555 1077 2638 potest
1105 2572 1202 2636 quam
1227 2542 1335 2634 ὑγρόν.

158 2661 222 2728 Sed
235 2662 300 2747 ipsi
314 2660 512 2746 posteriores
525 2663 616 2748 epici,
637 2659 877 2727 admirabilium
890 2659 1024 2726 Homeri
1046 2661 1235 2744 captatores,
1255 2680 1335 2742 poe·

158 2771 240 2836 ticae
272 2768 454 2854 elegantiae
477 2790 543 2834 non
572 2766 823 2834 fastidiosissimi
844 2766 1092 2843 existimatores,
1121 2763 1205 2829 hanc
1226 2768 1334 2830 tamen

158 2876 406 2942 translationem
427 2897 494 2941 non
512 2875 718 2941 admiserunt.
756 2873 862 2940 Tenet
882 2874 968 2959 apud
983 2871 1205 2958 Apollonium,
1226 2871 1334 2938 Theo·

158 2985 288 3061 critum,
311 2982 505 3067 Oppianum,
524 2980 690 3062 Nonnum,
710 2981 1011 3068 epigrammatarius
1029 3001 1093 3045 vox
1115 2971 1226 3062 διερός
1243 2981 1334 3061 (cou-

159 3091 297 3156 iunctim
324 3112 398 3155 cum
417 3091 517 3156 verbo
547 3082 702 3173 διαίνιιν)
734 3088 821 3154 uvidi
849 3087 1033 3171 madidique
1054 3085 1334 3172 significationem,

160 3221 243 3282 quae
268 3219 307 3262 ex
328 3197 427 3283 epicis
448 3197 588 3282 primum
609 3199 743 3282 apparet
764 3195 850 3280 apud
865 3194 1044 3260 Hesiodum
1066 3193 1126 3279 Op.
1143 3198 1212 3262 458.
1242 3193 1333 3280 Ergo

160 3306 187 3369 si
207 3304 315 3372 solam
329 3309 511 3389 spectamus
524 3303 674 3369 vocabuli
695 3302 973 3391 significationem,
993 3300 1074 3366 haec
1094 3323 1161 3367 non
1183 3302 1335 3381 obstaret,

161 3435 223 3497 quo
252 3412 361 3477 minus
390 3416 464 3479 rra
491 3409 591 3495 διερῷ
610 3404 708 3485 ποδί,
739 3413 776 3475 ut
797 3408 946 3474 nonnulli
966 3407 1150 3489 voluerunt,
1175 3409 1335 3493 interpra-

160 3524 303 3587 taremnr
323 3519 440 3599 „navi“‚
461 3517 524 3584 nisi
544 3519 620 3597 hoc,
650 3521 687 3583 ut
706 3516 884 3582 rectissime
905 3515 946 3580 ab
967 3515 1140 3581 Eustathio
1166 3516 1334 3595 monitum,

161 3624 424 3710 διθυραμβῶδες
444 3630 541 3703 esset3
573 3624 717 3710 reliquae
738 3646 814 3690 vero
835 3623 1118 3708 interpretationes
1140 3624 1244 3688 eidem
1264 3622 1332 3688 Eu·
1349 3640 1383 3692 49

160 3735 282 3801 stathio
298 3738 575 3811 commemoratae,
596 3736 635 3797 nt
649 3730 750 3817 διερῷ
767 3728 850 3796 ποδὶ
868 3726 1003 3817 φεύγειν
1021 3729 1065 3796 sit
1086 3730 1231 3809 „madido
1252 3729 1333 3815 pede

160 3842 291 3928 fugere“
310 3842 361 3907 vel
390 3840 488 3926 „pede
515 3863 573 3927 per
599 3862 687 3905 mare
706 3839 850 3927 fugere‘,
876 3842 985 3924 aperte
1009 3838 1145 3922 ineptae.
1185 3836 1334 3922 Denique

161 3951 200 4014 ad
214 3950 354 4016 alterum
373 3949 488 4032 locum,
510 3970 607 4034 quem
620 3947 778 4034 principio
799 3946 975 4032 posuimus,
993 3945 1110 4010 horum
1130 3943 1213 4009 nihil
1230 3945 1332 4030 aptari
1344 3956 1399 4023 (59)

160 4061 277 4141 potest.
316 4055 389 4136 Quo
411 4055 511 4142 igitur
531 4055 582 4121 his
603 4055 795 4141 ambagibus
816 4053 1040 4139 pervenimus?
1067 4052 1119 4118 Ad
1144 4050 1226 4116 illud
1245 4051 1334 4119 vide·

160 4162 236 4230 licet
243 4163 454 4243 Socraticum,
468 4166 505 4228 nt
514 4163 639 4228 nescire
648 4162 877 4248 intelligamus.
898 4160 992 4238 Quod
1007 4159 1128 4225 sciendi
1141 4159 1335 4245 principium

162 4274 219 4339 est.
255 4270 412 4357 Vulgaris
431 4270 579 4336 vocabuli
601 4269 691 4335 notio
714 4269 742 4335 si
763 4273 800 4334 nt
820 4267 954 4353 reliquis
975 4266 1080 4352 poetis
1101 4266 1334 4335 accommodari

162 4383 268 4463 potest
288 4376 451 4456 facillime,
472 4377 519 4443 sic
531 4375 674 4443 Homero
697 4377 896 4461 neutiquam,
917 4374 1019 4440 oritur
1040 4374 1188 4457 suspicio,
1211 4374 1273 4439 hoc
1294 4395 1334 4439 ex

211 4478 468 4532 nummus-ssu.
1110 4477 1126 4528 4
