3425 4934
309 352 333 404 t.
358 345 400 401 De
417 343 553 416 perversis
571 342 791 415 chorograpbiae
807 343 888 399 Hom
907 341 1193 413 interpretationibus.
1272 346 1331 411 233

251 516 291 578 H
316 520 374 584 180
405 504 583 600 Μυκήνηςε
609 509 646 599 (ἡ
679 511 802 600 διπλῆ)
834 507 887 577 ὅτι
922 503 1069 592 ἀλλαχοῦ
1100 508 1335 596 πληθυντικῶς

170 617 341 710 Μυκήνας.
385 621 468 688 Item
489 622 529 687 ad
549 623 588 685 A
608 628 649 689 46
671 616 724 686 ὅτι
746 623 801 684 νῦν
823 614 939 697 ἑνικῶς
957 616 1018 705 τὴν
1039 610 1211 704 Μυκήνην.

252 734 287 793 Η
312 735 369 799 135
395 732 515 807 Φειᾶςε
545 727 577 814 (ἡ
602 728 721 815 διπλῆ)
747 723 801 794 ὅτι
832 722 868 791 έν
890 719 1069 814 Ὀδυσσείᾳ
1094 728 1126 808 (ο
1152 727 1225 807 296)
1251 722 1416 809 πλη-(ιιι)
1550 726 1554 736 ’

170 840 335 915 δυντικιῦς
357 831 403 926 „ri
427 833 465 903 δὲ
488 838 591 914 Φεαῖς
611 831 796 917 ἐπέβαλλεν
818 830 1014 922 ἐπειγομένη
1035 830 1120 911 Διὸς
1144 824 1267 917 οίρηι“,
1292 825 1337 908 ιδς

170 938 333 1033 Μυκήνην
352 943 410 1010 καί
432 939 604 1031 Μυκήνας.

252 1055 444 1122 Admonebo
465 1053 518 1119 hic
538 1053 724 1118 notissimae
746 1052 992 1131 observationis,
1012 1050 1190 1116 Homerum
1212 1070 1338 1134 semper

170 1164 289 1230 habere
310 1155 459 1250 η’Ίλιος.
495 1160 588 1227 Unde
608 1161 660 1226 bis
678 1160 758 1226 falsa
772 1159 929 1226 Zenodoti
943 1158 1038 1225 lectio
1053 1158 1207 1224 convicta.
1244 1158 1336 1224 071.

170 1275 206 1335 fl
227 1277 276 1341 92.
310 1274 339 1334 Σ
360 1278 428 1338 174.

255 1490 275 1574 ἕ
296 1493 325 1556 3.
366 1487 402 1555 Si
428 1488 558 1573 quidem
584 1490 617 1551 et
640 1486 675 1551 in
703 1507 849 1552 sermone
871 1484 1005 1550 Homeri
1026 1483 1227 1569 explanando
1250 1484 1338 1549 etin

171 1596 419 1682 antiquitatibus
449 1593 597 1661 eruendis
621 1592 702 1658 utile
730 1597 799 1659 erat
825 1596 859 1659 et
883 1593 1099 1659 necessarium
1123 1592 1338 1659 recentiorum

170 1727 232 1770 usu
253 1704 401 1791 neglecto
423 1702 528 1769 solum
548 1701 726 1767 Homerum
746 1702 846 1787 sequi,
868 1702 901 1767 id
921 1703 955 1767 in
977 1701 1177 1787 geographia
1195 1699 1338 1764 omnium

169 1811 309 1877 maxime
337 1811 498 1897 agendum
519 1814 601 1890 erat,
631 1832 673 1875 ne
694 1811 884 1875 commentis
906 1813 939 1875 et
958 1810 1100 1875 vanitate
1122 1808 1230 1874 omnia
1250 1828 1338 1872 com·

169 1919 389 1985 miscerentur.
416 1917 548 1989 Etenim
568 1917 654 1983 hune
675 1916 783 1982 locum
803 1938 869 1983 non
893 1916 978 1982 docti
999 1919 1126 1982 tantum
1146 1915 1338 2002 interpreta-

169 2029 298 2107 bantur,
318 2026 374 2092 sed
394 2026 501 2110 ipsum
519 2023 670 2091 Graeciae
690 2022 817 2110 vulgus,
840 2045 913 2089 cum
934 2045 1146 2108 unaquaeque
1167 2024 1258 2109 regio
1279 2045 1338 2089 no-

170 2129 247 2202 tilis
267 2133 422 2221 ignobilis
443 2155 477 2197 se
499 2136 608 2198 tamen
628 2155 648 2197 a
668 2132 876 2198 celeberrimo
897 2134 994 2217 poeta
1007 2132 1213 2217 praeteritam
1227 2131 1339 2198 nollet.

171 2241 225 2308 Sic
248 2263 330 2325 quae
351 2240 485 2306 Homeri
499 2239 598 2326 Pylos
619 2244 704 2305 esset
724 2262 790 2305 non
811 2244 938 2306 tantum
958 2241 1044 2322 intra
1065 2239 1264 2306 eruditorum
1281 2261 1339 2325 pa·

172 2350 269 2415 rietes
298 2348 516 2432 disceptatum
559 2346 664 2414 Strab.
693 2345 773 2415 VIII
796 2370 829 2433 p.
850 2352 912 2415 339
934 2340 966 2412 οἱ
993 2339 1025 2411 δ’
1051 2336 1108 2412 σύν
1129 2342 1167 2411 έκ
1186 2349 1246 2433 τῆς
1266 2340 1340 2413 κοί-

172 2454 233 2543 λης
250 2446 394 2532 ’Ήλιδος
422 2452 480 2519 καί
507 2448 663 2542 τοιαύτην
690 2448 887 2545 φιλοτιμίαν
914 2448 1159 2541 προσετίθεσαν
1187 2456 1235 2540 τῷ
1259 2448 1337 2541 παρ’

173 2555 288 2640 αύτοίς
312 2556 430 2650 Πύλῳ,
459 2559 516 2628 καί
541 2558 750 2647 γνωρίσματα
781 2554 966 2641 δεικνύντες
992 2566 1022 2627 Γ
1020 2557 1136 2649 ε’ρηνον
1156 2555 1263 2628 τόπον
1283 2560 1341 2627 καί

171 2666 318 2757 Γέροντα
343 2667 496 2752 ποταμὸν
522 2668 580 2736 καί
607 2664 710 2738 ἷίλλον
734 2665 909 2759 Γερήνιον,
940 2660 996 2736 εἶτ’
1026 2663 1095 2736 ἀπὸ
1121 2662 1246 2737 τούτων
1266 2667 1340 2736 έπι-

171 2774 284 2857 δέτως
303 2782 335 2842 Γ
332 2772 464 2866 ερήνιον
484 2771 646 2866 εἰρῆσθαι
666 2771 884 2863 πιστούμενοι
903 2775 961 2847 τὸν
982 2773 1144 2862 Νέστορα.
1182 2781 1280 2844 τοῦτο
1303 2774 1340 2843 δὲ

169 2880 272 2953 ταύτὰ
299 2884 356 2953 καί
378 2881 411 2953 οὶ
435 2883 623 2975 Μεσσήνιοι
642 2881 852 2975 πεποιήκασι
871 2884 930 2952 καί
951 2880 1182 2972 πιδανιύτερσί
1202 2908 1239 2971 γε
1259 2882 1340 2971 φαί-

170 3018 300 3063 νονται·
320 2992 451 3079 μᾶλλον
475 2993 537 3081 γὰρ
559 2987 706 3081 ννιύριμύ
730 3016 834 3084 φασιν
854 2986 941 3061 εἶναι
960 2993 1003 3060 τὰ
1024 2987 1101 3081 παρ’
1119 2988 1260 3072 ἐκείνοις
1277 2998 1308 3058 Γ
1306 2989 1340 3059 ε’-

171 3127 255 3191 ρηνα
275 3097 516 3187 συνοικούμενύ
542 3126 625 3169 ποτε
650 3093 695 3171 εὖ.
738 3104 785 3173 cf.
806 3109 867 3173 339
886 3106 984 3187 τριῶν
1004 3095 1128 3167 Πύλων
1148 3095 1341 3189 ἱστορουμέ-

171 3235 238 3279 νων
265 3209 300 3277 δν
319 3206 571 3300 Πελοποννήσῳ
591 3250 633 3261 -
654 3206 791 3279 ἕκαστοι
815 3210 873 3280 τὸν
894 3207 988 3295 παρδι
1009 3205 1123 3300 σφίσιν
1143 3202 1341 3299 ἠμαθόεντα

169 3321 356 3405 πειρῶνται
377 3317 542 3386 δεικνύναι
561 3316 618 3385 καί
631 3316 692 3407 τὴν
706 3323 765 3385 τοῦ
779 3316 949 3406 Νέστορος
961 3313 1109 3403 πατρίδα
1121 3321 1238 3386 τοῦτον
1251 3310 1341 3385 ἅπα-

171 3422 360 3519 φαίνσυσιν.
401 3427 484 3495 Item
506 3427 639 3495 Ilienses
665 3427 769 3496 Strab.
794 3427 871 3495 XIII
895 3452 927 3515 p.
950 3433 1010 3497 593
1037 3419 1076 3494 σύ
1105 3425 1167 3511 γὰρ
1193 3424 1340 3493 ἐνταῦθα
1357 3452 1406 3504 2³7

170 3537 284 3623 ἵδρυσε
308 3535 369 3625 τὴν
395 3528 498 3602 πόλιν
525 3529 557 3620 (ὁ
575 3526 689 3621 Ἶλος),
722 3532 809 3604 ὅπου
834 3537 892 3601 νύν
919 3530 1020 3615 ἔστιν,
1050 3528 1137 3600 ἀλλὰ
1163 3528 1279 3616 σχεδόν
1309 3559 1343 3600 τι

170 3639 350 3731 τριάκοντα
377 3639 529 3722 πεδίοις
553 3637 706 3731 ἀνωτέρω
736 3642 822 3730 πρὸς
849 3640 894 3710 dre
915 3639 973 3709 καί
997 3641 1083 3727 πρὸς
1102 3640 1163 3729 τὴν
1174 3636 1267 3730 Ἴδην
1286 3640 1343 3708 καί

170 3751 233 3840 τὴν
252 3748 444 3839 Δαρδανίαν
465 3750 550 3818 κατὰ
569 3751 629 3839 τὴν
651 3754 706 3818 νύν
726 3748 933 3840 καλουμένην
950 3745 1078 3819 Ἰλιέων
1098 3746 1224 3838 κείμην·
1246 3746 1282 3818 σί
1302 3747 1343 3816 δὲ

171 3865 241 3926 νῦν
263 3852 393 3938 Ἰλιεῖς
420 3860 733 3946 φιλοδοξοῦντες
759 3859 816 3926 καὶ
845 3857 1004 3937 θέλοντες
1029 3849 1117 3925 εἶναι
1139 3851 1260 3947 ταύτην
1285 3856 1343 3948 τὴν

170 3967 328 4036 παλαιὰν
347 3962 576 4057 παρεσχήκασι
596 3963 696 4054 λόγον
715 3974 786 4047 τοῖς
804 3964 841 4035 ἐκ
854 3971 914 4057 τῆς
926 3961 1073 4055 Ὁμήρου
1086 3960 1257 4056 ποιήσεως
1269 3991 1344 4034 τεκ-

170 4073 402 4162 μαιρομένοις·
431 4070 469 4142 ού
492 4076 552 4163 γὰρ
574 4072 682 4144 ἔοικεν
704 4073 784 4165 αύτη
806 4067 933 4165 εἶναιῆ
957 4069 1037 4141 καθ’
1053 4071 1212 4163 Ὅμηρον.
1256 4077 1341 4156 Quid
1353 4092 1424 4163 (are)

172 4188 262 4273 quod
284 4185 403 4251 accolis
423 4185 511 4253 lacus
525 4187 645 4252 Averni
667 4185 845 4274 gloriosum
859 4187 972 4266 visum
987 4186 1074 4270 quod
1089 4184 1166 4250 olim
1181 4185 1343 4252 Cimmerii

171 4295 315 4361 fuerint?
346 4291 451 4360 Strab.
474 4293 504 4361 V
525 4300 595 4364 244.
630 4294 694 4362 Sed
716 4294 788 4361 vide
817 4317 914 4381 quam
940 4294 1140 4380 splendidam
1166 4294 1343 4360 doctrinam

170 4402 325 4472 Messenii
347 4402 591 4488 expromserint,
615 4403 749 4470 Homeri
771 4402 956 4471 Oechaliam
977 4402 1176 4468 vindicaturi.
1205 4401 1342 4471 Pausan.
