3425 4934
368 315 427 378 176
546 310 596 365 ΙΙΙ.
618 308 660 364 De
677 308 831 363 Aristarchi
848 307 966 364 scientia
981 308 1160 379 antiquitatis
1176 307 1347 364 Homericae.

829 479 1074 564 Agamemno.

445 627 525 693 Eius
546 649 683 714 regnum
704 629 847 715 Mycenis
871 634 1014 708 estnon
1034 629 1145 714 Argis,
1166 632 1203 693 ut
1224 628 1309 713 apud
1329 625 1535 703 recentiores,

364 737 403 798 A
423 741 473 803 46.
508 733 697 821 Iphigeniae
719 738 849 803 caedem
870 738 1011 823 ignorat.
1047 739 1068 799 Ι
1090 743 1158 804 145.

835 939 1066 951 -------

816 1072 912 1136 Aiax
932 1069 1083 1136 Locrus,

282 1224 354 1296 (¹80)
447 1218 531 1284 Oilei
545 1219 640 1298 filius,
659 1241 725 1285 uon
739 1218 807 1300 Ilei,
828 1226 866 1286 ut
880 1223 966 1306 apud
981 1221 1155 1287 nonnullos
1172 1221 1376 1286 recentiores.
1407 1222 1450 1282 M
1464 1224 1534 1288 365.

364 1331 399 1390 Ν
418 1332 488 1395 203.
510 1333 580 1395 694.
621 1323 741 1395 Ξ442.
786 1329 896 1395 0333
925 1328 977 1410 (cf.
999 1328 1064 1394 seh.
1095 1328 1176 1394 Vet
1198 1327 1291 1396 Hust.
1318 1327 1349 1391 h.
1375 1325 1418 1408 l).
1461 1326 1533 1392 Hoc

364 1434 460 1499 etiam
486 1457 632 1501 manasse
662 1434 789 1500 videtur
814 1456 853 1499 ex
881 1435 964 1499 male
985 1435 1151 1502 intellecto
1172 1435 1326 1504 Homero.
1366 1437 1396 1498 Β
1417 1440 1478 1503 527
1497 1429 1530 1521 (ἡ

364 1540 484 1628 διπλῆ)
506 1538 559 1608 ὅτι
572 1538 658 1620 τινὲς
677 1546 743 1607 τῶν
764 1538 931 1626 νεωτέρων
952 1535 1140 1627 ἀνέγνωσαν
1157 1540 1257 1626 χωρὶς
1277 1544 1335 1608 τοῦ
1350 1563 1380 1620 ο,
1404 1533 1450 1618 ὡς
1470 1534 1532 1624 ἅρ-

363 1654 451 1734 dccv
478 1643 591 1729 ὄντος,
622 1639 693 1715 εἶτα
720 1643 837 1736 ’lisina
874 1647 893 1716 ὁ
921 1645 959 1715 δὲ
978 1644 1127 1737 Ὅμηρος
1153 1647 1213 1716 σὺν
1239 1652 1286 1736 τῷ
1313 1672 1332 1715 ο
1358 1645 1448 1734 λέγω
1474 1647 1532 1716 τὸν

361 1751 482 1844 Ὀϊλῆα
494 1759 547 1827 ²⁰⁹.
583 1757 686 1839 Quod,
706 1780 779 1824 cum
793 1758 956 1826 Hesiodus
970 1762 1004 1826 et
1017 1758 1219 1828 Stesichorus
1234 1762 1370 1844 utraque
1384 1757 1534 1836 nominis,

362 1866 466 1932 forma
479 1866 530 1933 usi
546 1870 662 1946 esseut,
676 1871 714 1932 ut
726 1865 918 1932 Eustathius
937 1888 976 1932 ex
989 1866 1131 1952 antiquis
1146 1869 1283 1931 testatur
1297 1869 1327 1928 B
1343 1872 1401 1934 527
1418 1889 1448 1951 p.
1464 1871 1525 1932 277

363 1975 536 2040 admodum
556 1973 728 2041 verisimile
750 1977 808 2041 est.
846 1965 976 2051 Ὀϊλεύς
1001 1977 1034 2040 ct
1060 1974 1145 2058 apud
1166 1973 1345 2040 Homerum
1366 1972 1532 2038 nonnullis

364 2082 518 2167 exemplis
540 2082 753 2148 certissimum
769 2084 808 2168 et
827 2080 971 2167 vulgaris
992 2081 1095 2148 forma
1115 2081 1178 2148 fuit
1199 2080 1330 2165 (Atticis
1356 2072 1474 2156 Οἶλοός
1495 2084 1533 2144 ut

363 2182 499 2273 οῐοτός);
526 2189 662 2255 formam
679 2181 780 2266 Ἰλεύς
800 2210 839 2253 ex
860 2187 1003 2254 Homero
1024 2190 1201 2267 finxerunt,
1225 2190 1281 2255 ubi
1303 2188 1365 2258 sibi
1385 2180 1405 2253 ὃ
1425 2178 1534 2274 'iiiios

361 2294 460 2377 ταχὺς
480 2289 552 2373 υἱός
573 2302 606 2363 et
625 2296 744 2362 similia
764 2297 875 2362 audire
901 2297 1099 2363 videbantur.
1135 2297 1229 2363 Hauc
1249 2297 1443 2363 seutentiam
1457 2296 1533 2362 Ari·

299 2418 347 2470 178
365 2404 486 2471 starchi
511 2404 626 2470 vellem
647 2409 758 2471 notam
784 2404 953 2471 habuisset
973 2404 1190 2486 Hermunnus‚
1220 2427 1293 2471 cum
1320 2405 1473 2472 scriberet
1493 2405 1531 2470 de

364 2536 424 2579 em.
446 2515 503 2578 rat.
525 2533 571 2596 gr.
594 2535 626 2596 p.
647 2521 697 2582 41.
721 2519 774 2594 42,
796 2518 834 2579 ut
854 2512 914 2578 riri
936 2512 1136 2578 subtilissimi
1157 2512 1311 2579 iudicium
1332 2512 1532 2578 haberemus.

763 2847 863 2913 Aiax
884 2846 1131 2913 Telamonius

343 2998 449 3083 ·spud
470 2997 648 3063 Homerum
674 3020 740 3063 non
767 2997 902 3084 fingitur
927 2997 1169 3065 invulnerabilis
1191 2994 1312 3068 Ξ406.
1346 2998 1380 3061 Ψ
1399 3003 1459 3067 822
1481 2996 1533 3080 (f.

362 3105 453 3172 Hust.
476 3113 545 3187 995,
568 3108 605 3187 1).

807 3365 1083 3433 Andromache.

444 3519 475 3580 Z
493 3524 555 3586 457
575 3514 698 3583 Hector
725 3515 766 3581 ad
786 3516 1048 3582 Andromachen:
1077 3510 1137 3581 καί
1162 3536 1217 3580 κον
1238 3507 1273 3580 ἐν
1294 3505 1412 3601 ’Ἀργει
1432 3512 1534 3580 ἐοῦσα

361 3620 447 3709 πρὸς
467 3616 571 3711 ἄλλης
591 3618 681 3689 ἱστὸν
706 3618 864 3709 ὑφαίνοις
884 3618 952 3689 καί
977 3647 1043 3689 κον
1064 3618 1168 3709 ὕδωρ
1192 3618 1358 3712 φορέοις
1379 3620 1534 3710 Μεσσηΐ-

362 3731 421 3809 δος
433 3724 458 3819 ἢ
467 3726 642 3820 Ὑπερείης
655 3725 754 3796 πόλλ’
771 3724 994 3818 ἀεκαζομένηε
1015 3726 1047 3818 (ἡ
1065 3730 1185 3819 διπλῆ)
1206 3727 1259 3797 ὅτι
1273 3727 1358 3795 κατὰ
1373 3728 1409 3798 τὸ
1429 3750 1535 3815 προσ-

359 3836 457 3921 τυχὸν
478 3836 583 3919 otior
603 3834 757 3919 εἰπόντος
767 3834 916 3928 Ὁμήρου
939 3833 972 3904 οἱ
993 3836 1147 3925 νεώτεροι
1167 3842 1215 3925 τῷ
1237 3831 1309 3906 ὄντι
1329 3832 1536 3929 ὑιλροφοροῐ5

428 4046 464 4087 ¹⁰⁹
486 4044 576 4101 Treta.
599 4060 641 4100 ex.
662 4041 695 4098 IL
712 4060 741 4113 p.
764 4048 781 4096 4
805 4039 881 4096 inter
904 4040 1073 4112 interpretes
1089 4040 1216 4107 Homeri,
1243 4040 1352 4112 inquit,
1375 4040 1431 4098 fuit
1447 4040 1535 4097 etiarn

361 4122 561 4194 Ποσειδώνιος
579 4117 596 4183 d
614 4116 840 4196 Ἀπολλωνιάτης
857 4125 874 4182 ὁ
894 4130 936 4199 τῷ
951 4119 1078 4199 Ἡσιόδῳ
1100 4125 1214 4196 μέμψιν
1233 4120 1353 4197 ἐπάγων
1375 4114 1418 4192 οἷς
1442 4144 1536 4197 παρα-

360 4215 520 4285 castum!
530 4230 612 4277 τινος
622 4216 683 4268 τῶν
696 4211 819 4283 Ὁμήρου
831 4209 951 4276 λέξεων,
968 4202 1022 4265 τὸν
1034 4201 1124 4266 bula
1140 4200 1211 4267 Ἰλέα
1224 4207 1340 4267 εἰπόντι
1353 4213 1403 4266 καὶ
1420 4202 1473 4267 τὸν
1489 4202 1535 4280 νίρ

361 4298 456 4365 darios
471 4286 581 4367 “rfivuov
597 4298 648 4353 καὶ
664 4289 737 4352 ἄλλο
755 4288 827 4351 ἄττα
844 4295 975 4350 τοιαῦτα.
1006 4293 1047 4350 ef.
1066 4294 1186 4350 eundem
1203 4313 1231 4365 p.
1252 4300 1307 4352 126.
1337 4293 1410 4366 (Ipse
1422 4293 1535 4349 Tsetaes

360 4380 451 4436 forma
467 4374 552 4446 Ἰλεύς
569 4398 633 4436 usus
646 4383 701 4438 est:
719 4399 745 4436 v.
763 4379 858 4436 Weru
876 4378 914 4434 ad
930 4378 1034 4450 'tryph
1052 4397 1078 4434 v.
1099 4382 1167 4448 165.)
