3425 4934
369 345 430 408 282
818 335 865 392 IV.
889 335 930 393 De
946 337 1084 408 prosodia.

368 504 484 572 Titane
512 505 629 571 dicitur
649 528 767 572 nomen
789 506 953 587 habuisse,
980 499 1088 590 Κριός
1108 505 1202 573 Peus.
1225 506 1288 572 VH
1308 512 1357 585 27,
1381 514 1432 581 113
1461 527 1536 570 nam

368 613 473 697 Κρῖος
497 612 667 679 Siebelisio
698 613 845 695 debetur,
881 617 919 679 ut
944 614 1130 681 Hermanno
1165 614 1250 699 apud
1275 613 1441 697 Aristoph.
1468 612 1489 679 l.
1515 612 1535 677 l.

369 720 432 787 Sed
446 742 498 786 res
511 719 638 786 videtur
654 721 695 785 sd
708 720 869 805 liquidum
890 724 1045 806 perducta
1067 744 1144 801 esse,
1165 721 1253 806 qnod
1273 719 1348 807 plus
1369 723 1419 785 est
1439 741 1536 803 quam

366 829 400 895 in
421 827 472 893 his
486 829 583 894 rebus
604 830 765 912 expectari
787 832 925 913 poterat.
960 828 1045 895 Nem
1067 829 1133 896 sive
1154 828 1188 894 id
1208 828 1243 892 in
1264 826 1321 892 tali
1342 849 1377 893 rc
1399 849 1536 913 sequen·

367 936 444 1001 dum
457 938 561 1020 putes,
583 957 647 1019 quo
663 936 754 1002 codd.
768 937 980 1023 propendent,
1002 928 1107 1019 Κριός
1122 936 1325 1001 scribendum
1331 959 1341 1018 3
1363 935 1430 1001 sive
1452 934 1536 999 anti·

368 1043 513 1128 quissimi
532 1046 566 1108 et
588 1043 701 1128 optimi
724 1045 932 1129 grammatici,
955 1044 1059 1130 qualis
1081 1042 1285 1108 Aristarchus
1306 1041 1377 1122 fuit
1397 1042 1536 1108 auctori·

364 1154 466 1217 tatem
488 1150 637 1217 omnibus
659 1151 749 1217 codd.
772 1150 932 1235 potiorem
954 1152 1053 1231 ducis,
1075 1151 1279 1216 scribendum
1302 1149 1414 1232 Κριός.
1450 1147 1535 1215 Nam

284 1260 356 1331 (²9⁷)
367 1259 481 1344 ignoto
496 1259 604 1344 potius
620 1262 653 1324 et
672 1258 772 1345 longe
793 1259 974 1343 recentiori,
996 1244 1217 1324 cuiusrocem
1233 1246 1448 1344 Etymologus
1469 1278 1537 1322 ser·

366 1367 461 1445 ravit,
483 1365 629 1432 addicere
644 1389 722 1445 sese,
744 1388 826 1451 qnae
840 1367 924 1432 ratio
947 1369 1016 1432 est?
1036 1366 1167 1444 Eadem,
1188 1366 1304 1450 inquit
1325 1386 1408 1450 qnae
1429 1385 1537 1451 grem·

301 1485 350 1538 286
367 1473 477 1539 matici
490 1473 687 1559 Etymologi‚
710 1478 746 1536 X
749 1475 809 1550 ῖας,
838 1475 949 1555 Θρῖος,
973 1477 1072 1558 Κῖος,
1093 1476 1194 1550 Πῖας,
1223 1476 1314 1550 Ίῖος.
1352 1472 1433 1552 Hoc,
1454 1494 1537 1557 quse

366 1602 438 1646 mea
463 1581 502 1647 de
527 1581 713 1647 recensione
740 1585 888 1647 textuum
916 1583 1026 1667 opinio
1053 1585 1114 1662 est,
1140 1581 1255 1647 editori
1284 1580 1348 1645 iam
1369 1579 1537 1646 nonlicet

366 1688 484 1766 dicere;
514 1687 593 1753 mihi
614 1689 697 1756 licet.
740 1688 805 1757 Sed
819 1691 942 1755 'statim
968 1688 1116 1776 intelligo
1139 1711 1221 1773 quse
1242 1689 1359 1773 partim
1380 1689 1538 1754 adiectiva

366 1800 442 1862 sunt
455 1797 572 1881 partim
593 1818 665 1862 rara
686 1800 719 1862 et
738 1798 875 1863 barbare
895 1796 1063 1874 vestibula¹
1082 1818 1180 1881 qnam
1203 1797 1379 1881 prudenter
1398 1794 1462 1860 huc
1482 1817 1534 1860 ar·

365 1904 481 1969 cessitn
502 1905 576 1971 sint.
611 1902 680 1970 Imo
700 1904 780 1970 haec
798 1905 877 1989 ipsa,
899 1927 996 1990 quam
1018 1904 1189 1989 conquirit,
1210 1902 1361 1989 analogia
1382 1902 1536 1968 admonet

365 2033 425 2077 nos
441 2015 474 2076 et
494 2012 547 2076 vix
566 2011 644 2078 licet
664 2012 810 2078 dubitare
833 2013 912 2096 quin
935 2012 1039 2093 Κρῖος
1060 2011 1238 2095 antiquitus
1253 2008 1381 2076 Graecis
1403 2008 1534 2074 auribus

366 2119 488 2204 aliquid
516 2120 674 2185 absonum
699 2120 886 2186 habiturum
911 2119 1016 2187 fuerit.
1060 2117 1154 2196 Quod
1180 2141 1238 2203 per
1265 2140 1299 2184 se
1323 2117 1429 2202 ipsum
1449 2116 1535 2182 valet
1656 2173 1664 2187 .

365 2226 502 2311 aliquid3
530 2227 586 2291 sed
612 2227 783 2293 accedente
811 2226 988 2292 Aristarchi
1017 2225 1208 2291 auctoritate
1236 2224 1322 2290 valet
1349 2224 1533 2309 plurimum.

364 2333 471 2398 Ardor
495 2355 570 2399 vero
598 2333 813 2419 quodcunque
836 2334 1003 2420 proprium
1029 2336 1163 2398 accentu
1189 2332 1459 2414 distinguentium
1484 2332 1534 2412 iis,

365 2463 447 2525 quae
472 2441 627 2525 proximis
647 2438 686 2527 ἐξ
713 2442 959 2526 disputavimus,
986 2462 1151 2526 repressus
1178 2461 1246 2505 esse
1272 2439 1375 2505 debet.
1417 2438 1463 2504 nt
1482 2438 1533 2504 in·

364 2548 519 2613 clinamns
544 2548 582 2613 ut
612 2549 646 2613 in
674 2549 883 2615 substantivis
915 2549 1022 2614 minus
1053 2548 1150 2614 etiem
1178 2568 1276 2631 quam
1302 2546 1336 2610 in
1367 2546 1532 2612 adiectivis

363 2656 462 2721 moris
494 2655 592 2722 fuisse
622 2659 779 2741 putemus.
829 2657 930 2723 Caute
962 2656 1042 2722 haec
1073 2653 1243 2721 iudicanda
1270 2657 1355 2719 sunt.
1400 2653 1435 2720 Si
1460 2654 1533 2739 quis

363 2754 515 2850 Στερόπη
541 2766 620 2847 (non
646 2762 830 2831 fabulosum
853 2768 981 2830 tantum
1003 2785 1122 2829 nomen
1144 2765 1206 2840 est,
1231 2784 1261 2825 v.
1283 2759 1387 2828 Strab.
1408 2760 1438 2826 X
1460 2765 1534 2842 478)

363 2872 535 2955 protendet
550 2874 582 2937 et
595 2871 658 2936 hoc
672 2877 806 2936 accentu
822 2896 842 2937 a
861 2873 961 2968 sublst
979 2863 1124 2956 στεροπή
1146 2869 1334 2935 distinctum
1353 2869 1446 2949 dicet,
1466 2890 1535 2934 non

363 2979 582 3055 admittemus
610 2970 761 3065 Στερόπη
783 2979 869 3045 enim
891 3000 957 3045 non
979 2979 1100 3046 dictum
1121 3002 1140 3044 a
1161 2969 1308 3062 στεροπή
1313 3025 1322 3057 ,
1342 2976 1399 3042 sed
1420 2976 1534 3043 eodem

362 3085 459 3151 modo
485 3086 605 3151 factum
633 3089 671 3151 nt
696 3079 859 3172 Μερόπη,
895 3079 1035 3173 Δραόπη
1065 3086 1144 3171 (sch.
1168 3084 1262 3153 Pind.
1287 3083 1380 3169 Pyth.
1407 3082 1423 3150 I
1454 3089 1534 3167 121),

362 3185 553 3280 Καλλιόπη,
574 3193 637 3259 alie
659 3194 784 3261 similia.
825 3193 896 3261 Nec
922 3196 949 3262 si
979 3197 1051 3279 quis
1072 3186 1171 3279 Αόηη
1192 3214 1252 3279 pro
1280 3196 1368 3258 certo
1386 3191 1532 3277 exemplo

361 3300 480 3381 afferet,
501 3302 579 3368 satis
594 3301 699 3368 valere
713 3304 935 3369 concedemus.
975 3302 1089 3369 Potest
1110 3301 1196 3367 enim
1218 3324 1287 3367 esse
1311 3302 1357 3383 (et
1378 3321 1440 3385 ego
1462 3321 1534 3366 esse

361 3409 510 3493 arbitror)
524 3410 628 3475 forma
639 3410 805 3476 muliebris
823 3409 901 3489 eius,
920 3409 976 3493 qui
992 3414 1041 3476 est
1054 3401 1200 3492 Αὐγέας,
1218 3412 1255 3474 ut
1272 3403 1396 3493 Πέρση,
1415 3399 1533 3493 Ἕρίφη

361 3517 485 3599 (hrcsd.
506 3542 537 3603 p.
560 3526 627 3598 115,
649 3520 716 3601 28),
740 3512 855 3603 Ἵππη,
878 3510 994 3602 Λόκη,
1024 3522 1058 3583 et
1078 3522 1116 3583 ut
1136 3517 1268 3583 omnino
1289 3515 1324 3580 in
1346 3538 1381 3602 η,
1408 3536 1477 3592 esc,
1502 3538 1535 3592 ις

360 3624 516 3692 feminina
547 3627 695 3691 adiacent
724 3624 910 3691 masculinis
940 3624 1078 3710 propriis
1105 3624 1261 3709 cuiusque
1286 3623 1532 3690 terminationis.

359 3725 466 3818 Ἰόκχη
492 3733 652 3817 nymphae
681 3754 799 3798 nomen
831 3731 874 3814 (h.
902 3732 971 3797 Cer.
999 3736 1072 3816 419)
1102 3754 1168 3797 non
1197 3731 1341 3817 profecto
1370 3734 1420 3796 est
1446 3730 1533 3796 idem

362 3841 448 3926 quod
463 3832 540 3927 ἰαχή
563 3838 626 3924 (vel
640 3831 751 3925 ἶακχη)
774 3842 899 3905 mutato
915 3844 1057 3917 accentu,
1080 3840 1137 3905 sed
1151 3834 1434 3919 111131111Ἲακχος,
1456 3838 1531 3909 fem

358 3940 475 4035 Ἰόκχη,
516 3948 634 4016 Thesei
663 3951 766 4012 mater
787 3938 912 4030 Αἴθρα
940 3969 1005 4013 non
1030 3946 1116 4013 idem
1143 3951 1194 4013 est
1219 3970 1293 4013 cnm
1314 3947 1430 4025 subst.‚
1455 3968 1533 4011 nam

359 4055 437 4135 hoc,
465 4057 550 4139 apud
570 4056 698 4121 Atticos
721 4076 865 4141 quoque,
891 4059 941 4122 est
962 4048 1076 4141 niden.
1119 4054 1157 4121 In
1184 4078 1215 4131 ις
1240 4059 1289 4121 est
1314 4078 1340 4121 e.
1364 4047 1534 4141 gfftrveeg

361 4165 467 4246 (masc.
481 4156 612 4249 ’Ἀτθης
633 4163 737 4229 Strab.
760 4163 836 4229 XIV
856 4187 886 4249 p.
909 4166 997 4265 6056),
1027 4155 1158 4246 Μύρτις
1178 4163 1243 4247 (hic
1265 4162 1350 4229 enim
1371 4164 1532 4239 accentus,

360 4273 397 4335 ut
417 4270 554 4350 videtur,
580 4271 797 4354 probabitur),
825 4265 941 4348 Φίλτις
964 4269 1086 4352 (Iambl.
1107 4271 1161 4336 vit.
1183 4270 1276 4355 Pyth.
1299 4274 1380 4353 532).
1420 4269 1464 4334 Et
1489 4269 1532 4335 sd

359 4376 422 4440 hoc
447 4397 550 4460 genus
572 4377 739 4443 nominum
759 4378 901 4464 pertinet
926 4370 1074 4464 Φρόντις.
1114 4376 1151 4442 11.
1172 4381 1202 4442 P
1219 4385 1259 4445 40
1276 4371 1444 4461 ΙΦρόντιδι
1466 4370 1533 4463 δίη.
