3425 4934
343 263 404 326 312
794 250 841 306 IV.
864 249 906 306 De
924 249 1061 320 prosodia

428 425 495 508 §b
538 421 711 487 Maximam
737 423 863 506 partem
883 419 1130 487 Homericorum
1162 422 1379 511 exemplorum
1405 425 1512 490 absol·

262 537 333 608 (329)
345 533 458 599 vimus.
494 530 595 596 Extra
614 528 803 607 Homericos
830 550 960 613 quoque
981 527 1141 594 cancellos
1161 528 1249 595 idem
1268 529 1304 594 in
1324 531 1438 598 mediis
1455 555 1513 599 vo·

344 639 466 706 rabulis
495 660 572 704 usus
602 637 829 725 grammaticus
859 636 1076 722 aspirationis,
1105 637 1236 702 eaedem
1263 639 1469 723 quaestiones
1494 663 1513 706 a

345 747 447 813 doctis
472 746 603 831 linguae
626 745 765 813 Graecae
787 744 1079 831 perscrutatoribus
1105 743 1293 813 celebratae.
1342 746 1396 814 Sic
1418 747 1513 815 Gale·

344 878 405 921 nus
436 854 475 920 de
500 853 598 919 verbo
622 854 840 938 στενυγρῶσαι
869 874 1045 939 exponens:
1076 854 1250 918 πυκνῶσαι
1276 852 1329 919 δεῖ
1351 850 1395 919 τὰ
1420 852 1513 940 παρὰ

207 966 211 973 ’
343 964 403 1028 τοῦ
428 954 658 1047 προσήκοντος
688 951 882 1044 εὐρυσμένα·
914 957 969 1028 διὸ
995 956 1053 1026 καί
1078 957 1139 1047 τὴν
1165 956 1320 1046 δευτέραν
1346 959 1515 1049 συλλαβὴν

343 1071 403 1136 τοῦ
424 1071 644 1153 στενυγρῶσαι
663 1066 857 1158 ψιλοῦντας,
883 1061 921 1134 οὖ
944 1061 1144 1147 δασύνοντες
1165 1061 1393 1152 ἀναγνωστέον
1413 1065 1514 1136 ἐστίν·

345 1170 384 1245 οὗ
399 1173 461 1262 γὰρ
479 1169 624 1261 ἔγκειται
636 1173 675 1242 τὸ
694 1170 793 1262 ὑγρὸν
813 1173 848 1240 ἐν
868 1178 908 1266 τῇ
928 1172 1026 1257 λέξει,
1051 1169 1210 1262 καθάπερ
1232 1169 1273 1242 ἷίν
1295 1199 1346 1255 τις
1369 1171 1515 1266 οἰηθείη,

343 1283 389 1373 μὴ
420 1276 589 1371 γινώσκων
613 1278 681 1351 δπδ
711 1285 778 1350 τῶν
799 1275 919 1348 Ἰιίνων
946 1280 984 1350 τδ
1010 1281 1123 1350 στενὸν
1148 1277 1378 1368 ὀνομάζεσθαι
1406 1307 1517 1352 στενυ-

346 1384 422 1476 γρόν
451 1396 577 1476 (comm.
604 1386 636 1475 β’
657 1393 697 1475 in
717 1392 873 1479 Hippocr.
899 1393 1001 1458 morb.
1027 1391 1113 1480 vulg.
1135 1392 1183 1459 VI
1210 1393 1254 1463 in.
1281 1393 1318 1462 T.
1347 1394 1431 1481 Vp.
1454 1403 1515 1464 457

345 1502 442 1586 Bas).
465 1536 504 1546 -
524 1500 640 1568 διείρεο
660 1500 696 1567 in
716 1494 852 1584 λαρινός
874 1552 882 1568 .
904 1551 940 1568 ..
967 1492 1000 1564 oi
1022 1494 1060 1564 δὲ
1079 1496 1140 1585 τὴν
1161 1522 1196 1584 ρι
1222 1498 1391 1587 συλλαβὴν
1413 1496 1516 1567 δασέ-

346 1630 472 1686 νουσιν,
503 1601 542 1673 ἵν’
566 1597 587 1696 ᾗ
608 1600 765 1693 λαρινοιίς
792 1603 871 1685 τοὺς
894 1602 1132 1692 μεγαλορίνους
1159 1608 1211 1692 (cf.
1231 1609 1328 1675 Arist
1355 1608 1430 1677 Pac.
1453 1616 1514 1679 922

346 1716 467 1799 schol).
494 1755 534 1764 —
562 1715 652 1784 Snid.
679 1710 802 1804 εέωρίᾳ
827 1712 955 1805 ψιλῶς,
986 1711 1088 1801 τὸμὴ
1112 1707 1199 1780 ποίνυ
1221 1710 1406 1804 φροντίζειν
1428 1709 1516 1781 ἀλλὰ

346 1814 578 1912 ρ’ᾳθυμότερόν
596 1846 670 1901 πως
690 1816 783 1904 ἔρρειν.

429 1931 604 2017 Praecipue
618 1933 652 1998 in
665 1931 937 2019 homonymorum
951 1953 988 1998 ac
1003 1954 1254 2019 synonymorum
1272 1933 1516 2018 significationi·

346 2042 407 2107 bus
429 2040 628 2125 disparandis
649 2038 781 2126 spiritus
799 2039 882 2105 ratio
905 2040 1073 2106 observata
1094 2045 1152 2107 est.
1187 2040 1225 2106 E.
1240 2040 1284 2105 M.
1300 2046 1369 2121 406,
1383 2047 1402 2110 8
1417 2050 1517 2128 epau:

345 2146 387 2213 τὰ
409 2141 481 2214 οίπδ
508 2142 616 2232 λόγων
641 2140 757 2228 ἐγοντο
784 2147 859 2231 (hoc
880 2169 946 2214 voc.
968 2148 1060 2214 abest
1081 2171 1131 2234 ap.
1153 2146 1242 2215 Snid.
1264 2171 1290 2215 s.
1312 2142 1409 2236 έψια)
1436 2143 1518 2213 παί-

347 2275 436 2341 γνια·
463 2244 536 2323 οἷον
557 2249 641 2322 έπεα
662 2249 736 2342 ἔπη.
771 2252 829 2321 καί
849 2251 1027 2344 φιλέψιος·
1056 2251 1230 2320 δασύνεται
1249 2251 1309 2337 μὲν
1332 2251 1517 2342 φιλοπαίγ-

346 2384 429 2446 μων·
463 2363 625 2454 palomar
656 2360 693 2429 δὲ
723 2355 920 2452 φιλολόγοςτ
955 2363 996 2428 ad
1026 2384 1108 2448 quae
1141 2363 1334 2429 conferenda
1362 2387 1443 2450 quae
1478 2365 1517 2431 de

347 2465 545 2559 ἑψιάασθαι
569 2472 778 2539 commentati
799 2474 888 2551 sunt,
909 2470 1076 2556 inprimis
1097 2493 1148 2556 ap.
1167 2470 1399 2558 Etymologum
1420 2476 1517 2558 atque

348 2580 433 2666 apud
454 2579 546 2646 Eust.
564 2604 596 2667 p.
620 2585 708 2660 1831,
732 2588 759 2648 1.

429 2686 562 2768 Eodem,
584 2688 646 2753 nisi
666 2709 798 2773 prorsus
818 2686 918 2755 falsus
939 2709 1020 2767 sum,
1040 2688 1120 2754 aliae
1143 2687 1224 2755 duae
1239 2689 1444 2774 pertinebant
1459 2688 1518 2753 ob·

348 2796 558 2878 servationes,
585 2818 671 2863 nunc
700 2796 829 2882 quidem
855 2794 1080 2861 miserabiliter
1099 2796 1228 2863 luxatae
1250 2796 1301 2862 vel
1320 2799 1518 2862 contractae:

346 2905 453 2992 Etym.
475 2904 519 2971 M.
540 2929 573 2991 p.
593 2909 663 2983 227,
678 2910 717 2971 51
741 2899 894 2987 γέρανος·
916 2896 934 2967 δ
957 2895 1084 2988 ὄμβρος
1104 2897 1171 2970 ὑπὸ
1194 2896 1403 2990 Κυρηναίων·
1425 2903 1518 2989 παρὰ

347 3009 386 3078 τὸ
408 3009 468 3099 τὴν
494 3013 555 3099 γῆν
581 3005 715 3099 ῥαίνειν.
760 3005 866 3087 οὕτως
883 3002 1047 3095 Ἐρρένιος
1071 3004 1185 3076 Φίλων
1210 3008 1245 3077 ἐν
1271 3013 1317 3098 τῷ
1341 3010 1417 3094 περί
1440 3036 1518 3100 χρη-

282 3138 330 3190 317
349 3115 548 3204 στομαθίας.
584 3115 666 3206 φησί
684 3115 721 3185 δὲ
733 3114 792 3207 τὴν
807 3112 961 3203 δευτέραν
975 3115 1188 3184 δασύνεσθαι.
1220 3119 1333 3187 Altera
1347 3126 1397 3188 est
1412 3121 1518 3208 Etym.

348 3228 428 3296 (lud.
456 3252 488 3314 p.
519 3231 590 3307 123,
611 3232 651 3295 38
678 3221 795 3313 γέρρον
826 3218 893 3291 εἴτε
919 3222 961 3290 τὰ
987 3219 1200 3313 σκηνώματα,
1229 3224 1264 3292 ἒν
1290 3219 1342 3306 οἷς
1368 3224 1410 3294 τὰ
1434 3220 1518 3293 ιῖίνια

347 3327 593 3420 ἐπιπράσκετο,
620 3327 686 3399 εἴτε
711 3331 752 3400 τὰ
782 3327 961 3418 δερμάτινα
983 3326 1116 3413 αἰδοῖα,
1144 3328 1211 3400 εἴτε
1236 3334 1278 3401 τὰ
1305 3330 1517 3424 ὑποδήματα.

352 3437 465 3508 Φίλων
494 3437 529 3507 έν
555 3443 603 3528 τῷ
628 3439 705 3528 περὶ
723 3436 976 3530 χρηστομαθίας
1000 3440 1082 3533 φησί
1104 3437 1141 3508 δέ
1161 3440 1219 3531 τὴν
1241 3439 1395 3526 δευτέραν
1417 3438 1518 3509 δασέ-

348 3573 425 3616 νειν.
469 3550 532 3617 Ηίο
552 3551 692 3637 primum
713 3551 861 3618 attendas
882 3573 950 3617 rem
974 3552 1067 3620 uobis
1089 3574 1159 3618 esse
1181 3562 1262 3618 cum¹
1275 3551 1440 3619 Herennio
1461 3552 1517 3619 illo

348 3659 484 3724 Philone
507 3659 540 3723 in
562 3661 748 3746 synorgmis
770 3659 1008 3747 distinguendis
1030 3659 1201 3746 diligenter
1222 3664 1363 3736 versat03
1391 3663 1469 3738 tum,
1491 3659 1518 3725 si

348 3790 399 3833 res
420 3768 503 3832 tenti
531 3771 593 3847 est,
627 3767 772 3834 conferas
800 3789 882 3852 quae
910 3767 946 3832 in
966 3766 1073 3853 Etym.
1095 3765 1242 3834 (ludisne
1269 3768 1308 3833 de
1333 3789 1411 3833 voce
1439 3764 1519 3853 γέρα

349 3874 434 3940 dicta
463 3879 539 3941 sunt
560 3898 639 3941 neve
663 3876 807 3956 dubites,
836 3875 917 3940 haec
941 3874 1008 3940 fere
1036 3875 1074 3940 de
1101 3873 1258 3941 vocabulo
1280 3871 1379 3962 γέρρα
1399 3876 1439 3941 ab
1460 3876 1518 3943 illo

348 3987 520 4068 praecepta
538 3983 651 4050 fuisse:
683 3979 763 4068 γέρα
790 3977 825 4047 αἱ
845 3978 941 4066 τιμαί
963 3974 1005 4046 δι’
1027 3975 1102 4058 ἑνὸς
1122 4004 1155 4068 ρ,
1179 3979 1272 4064 παρὰ
1293 3981 1331 4049 τὸ
1352 3978 1428 4069 ἐρῶ.
1462 3982 1520 4049 καὶ

266 4084 547 4177 (εεο)ψιλοῦταιὴ
565 4084 713 4177 δευτέρα·
734 4086 832 4177 γέρρα
855 4087 893 4156 δέ
914 4082 980 4156 εἴτε
999 4086 1041 4153 τὰ
1061 4082 1519 4176 σκηνώματα-είτε-εἴτε-

350 4194 409 4261 διὰ
440 4191 500 4263 δύο
527 4222 576 4282 ρρ.
626 4194 683 4263 καί
711 4192 733 4284 ἡ
769 4194 906 4282 δευτέρα
938 4196 1119 4263 δασύνεται.
1170 4197 1254 4265 Illud
1283 4204 1403 4282 autem,
1432 4201 1520 4286 quod

349 4309 444 4371 antea
472 4307 567 4392 posui
600 4307 639 4373 de
674 4306 830 4374 vocabulo
866 4302 1016 4391 γέρανος,
1060 4306 1105 4373 sic
1137 4306 1204 4374 fere
1234 4308 1389 4394 scriptum
1418 4308 1518 4374 fuisse
