3425 4934
275 930 346 1000 (ru)

295 2859 341 2908 125

359 308 417 369 124
439 301 472 354 11.
501 300 542 355 De
562 300 739 356 Aristarchea
756 301 956 356 vocabulorum
974 300 1184 355 Homericorum
1201 298 1441 369 interpretatione.

358 460 495 550 άμαθος
520 469 740 554 explicandam
767 470 915 536 vocabuli
943 460 1112 553 ψάμαθος
1140 468 1409 555 significationem
1429 468 1531 531 usita-

357 578 513 642 tissimam
536 599 668 661 ponere,
695 578 746 644 cui
769 578 849 644 haec
871 578 974 644 altera
995 578 1034 642 de
1055 575 1177 642 fluviali
1197 598 1294 641 arena
1314 576 1451 640 finitima
1472 577 1530 639 est.

762 919 897 1011 ’Ὀιθο
933 919 1122 1013 Κνωσός.

443 1081 475 1140 Φ
495 1084 555 1146 200
578 1070 610 1164 (ἦ
635 1076 753 1164 διπλῆ)
782 1072 836 1144 ὅτι
863 1070 1093 1166 άντιπέιγορακε
1118 1081 1159 1167 τῇ
1185 1070 1272 1164 ύχθῃ
1298 1074 1357 1141 τὸν
1378 1072 1530 1161 κρημνόν.

361 1191 418 1252 172
446 1180 478 1270 (ἡ
509 1185 627 1272 διπλῇ)
658 1180 712 1252 ὅτι
737 1176 780 1273 ἢν
806 1188 863 1249 νῦν
885 1179 992 1272 ὄχθην
1019 1179 1149 1273 εἴρηκεν
1174 1178 1251 1270 ἑξῆς
1277 1178 1432 1270 κρημνόν·
1463 1173 1530 1260 ,,σύ

359 1285 466 1357 δύνατ’
495 1288 533 1357 ἐκ
561 1296 759 1380 κρημνοῖοίί.
801 1286 912 1358 πάντα
939 1289 1002 1376 γὰρ
1032 1290 1072 1356 τὰ
1098 1287 1215 1383 ὑψηλὰ
1244 1285 1349 1371 ὄχθαι
1369 1287 1531 1374 λέγονται.

831 1496 1061 1504 -ου--ο-ψ-

774 1651 909 1724 Πύλαι
930 1663 964 1725 et
985 1650 1110 1741 θύραι

485 1812 733 1899 de‘otc'apuantur.
769 1813 851 1878 Idae
870 1827 944 1877 ααοτ
964 1813 1128 1895 morosam,
1150 1813 1209 1876 lare
1230 1810 1399 1876 doctorum.

439 1976 476 2042 Il.
491 1982 528 2040 Χ
540 1985 579 2046 69
603 2000 688 2042 nunc
708 1977 848 2063 legimus
871 1968 928 2055 ούς
948 1972 1071 2066 τρέφον
1092 1973 1127 2041 ἐν
1147 1971 1325 2061 μεγάροισι
1344 1975 1534 2063 τραπεζῆας

357 2077 564 2170 πυλαωρούς.
601 2084 665 2151 Sed
680 2085 742 2150 alia
755 2085 861 2166 lectio,
882 2085 1069 2152 Aristarcho
1092 2089 1211 2170 optata,
1233 2090 1302 2151 erat
1325 2081 1531 2170 θυραωρούς.

357 2192 465 2259 Schol.
488 2192 517 2257 A
547 2185 762 2277 πυλαωρούςε
796 2185 1011 2276 Ἀρίσταρχος
1036 2184 1249 2276 θυραωρούς,
1278 2188 1531 2282 θυροφύλακας.

357 2300 513 2367 Sch01.B
537 2294 747 2384 Ἡρωδιανὸς
772 2294 971 2385 θυραωρούς
998 2297 1135 2390 γράφει·
1166 2293 1275 2378 πύλας
1296 2299 1358 2386 γὰρ
1389 2297 1447 2367 ἐπὶ
1466 2294 1533 2366 πό-

358 2402 442 2472 λεων
457 2430 552 2496 φησι·
575 2404 723 2473 παλαιὸν
738 2404 775 2474 δὲ
796 2403 880 2486 ἔθος
899 2412 1078 2495 τηρεῖσθαι
1096 2408 1171 2476 κυσὶ
1189 2406 1268 2487 τοὺς
1287 2408 1453 2489 πυλῶνας,
1476 2409 1532 2474 ἵνα

357 2509 535 2599 βαύζοντις
561 2515 693 2605 δηλοῖεν
719 2518 790 2594 τοῖς
816 2511 912 2582 ἔνδον
931 2515 1010 2596 τοὺς
1029 2513 1148 2599 ξένους.
1189 2518 1284 2597 Quod
1308 2518 1456 2604 pulcrum
1481 2519 1532 2583 in·

357 2628 488 2691 ventum
510 2626 691 2713 negligenti
718 2626 842 2691 auctori
865 2628 973 2693 nescio
1002 2627 1053 2693 cui
1074 2626 1300 2712 relinquimus,
1321 2627 1377 2711 qui
1399 2650 1440 2691 ne
1461 2627 1533 2692 Ho-

357 2756 480 2799 merum
502 2735 633 2820 quidem
654 2734 837 2818 inspexerat
860 2734 1034 2800 dicentem:
1071 2725 1129 2812 ούς
1153 2731 1279 2823 τρέφον
1300 2730 1335 2798 ἐν
1353 2726 1532 2818 μεγάροισι

359 2840 555 2927 τραπεζῆας.
598 2843 747 2907 Eustath.
768 2843 812 2908 ib.
832 2843 938 2925 (1257,
963 2848 1015 2926 36)
1041 2839 1080 2907 τὸ
1112 2839 1149 2907 δὲ
1175 2839 1375 2924 πυλαωρούς
1395 2846 1532 2925 θυραω-

358 2946 438 3033 ρούς
459 2944 491 3014 οὶ
512 2944 666 3027 πλείονες
687 2942 864 3037 γράφουσι,
887 2946 1037 3034 λέγοντες
1054 2945 1164 3033 θύρας
1183 2945 1245 3032 μὲν
1266 2945 1323 3014 ἐπὶ
1342 2943 1448 3026 οἴκου,
1472 2944 1532 3013 πύ-

359 3055 420 3135 λας
452 3054 490 3123 δὲ
515 3053 573 3123 ἐπὶ
598 3049 732 3135 πόλεως
756 3054 928 3142 λέγεσθαι.
969 3059 1174 3124 Aristarchus
1201 3059 1247 3123 sic
1272 3058 1381 3143 potius
1404 3059 1532 3123 dixerit:

359 3161 466 3231 πύλαι
487 3162 546 3231 ἐπὶ
564 3161 700 3245 τείχους,
723 3160 829 3251 θύραι
852 3162 911 3231 ἐπὶ
932 3159 1041 3242 αἰκίας
1068 3165 1196 3248 (Thom.
1218 3165 1283 3249 M).
1328 3164 1413 3230 Nam
1438 3170 1533 3249 porta

359 3277 442 3342 muri
467 3277 508 3341 ad
529 3274 728 3340 defendenda
750 3273 945 3341 Graecorum
971 3277 1075 3339 castra
1103 3275 1256 3339 exstructi
1279 3267 1386 3337 πύλαι
1407 3272 1532 3341 dicitur.

358 3384 420 3448 Illa
445 3405 519 3448 vero
547 3386 642 3467 porta
668 3381 771 3467 qualis
798 3382 897 3447 fuerit
922 3382 1111 3447 Aristarcho
1142 3381 1314 3466 diligenter
1341 3379 1533 3465 quaesitum.

358 3491 504 3557 Alteram
519 3491 587 3555 eius
602 3489 860 3555 observationem
876 3491 1068 3556 offendimus
1083 3490 1162 3556 item
1180 3490 1345 3576 egregiam
1367 3510 1535 3573 nunquam

359 3598 452 3664 aliter
471 3598 650 3663 Homerum
670 3597 828 3664 vocabulo
851 3594 959 3662 πύλαι
979 3599 1028 3664 uti
1051 3621 1147 3684 quam
1169 3596 1285 3682 plurali
1307 3619 1450 3674 numero,
1472 3596 1534 3662 eti-

360 3707 440 3772 amsi
466 3729 564 3771 unam
586 3709 713 3790 portem
735 3706 897 3793 designet,
925 3711 963 3772 ut
983 3703 1106 3771 Σκαιαὶ
1127 3701 1234 3770 πύλαι
1255 3707 1288 3787 (Ι
1306 3710 1375 3772 354.
1401 3706 1445 3766 Μ
1467 3710 1534 3773 120.

360 3818 441 3897 291).
474 3814 544 3879 Hac
559 3813 782 3880 observatione
799 3813 837 3878 de
859 3836 934 3879 vera
955 3815 1094 3881 lectione
1115 3814 1293 3880 iudicatum
1314 3816 1415 3893 1383,
1437 3835 1534 3897 quem

359 3921 468 3987 locum
490 3922 576 4007 apud
596 3921 752 3987 Wolfium
773 3944 903 4007 quoque
925 3923 971 3987 sic
993 3922 1145 4006 legimus:

443 4023 515 4093 αἵθ’
540 4022 770 4111 ἑκατόμπυλοί
790 4022 866 4106 εἶσι,
891 4022 1062 4117 διηκόσιοι
1083 4023 1116 4095 d'
1137 4021 1187 4093 ἀν’
1210 4023 1348 4116 ἑκάστην

444 4128 559 4220 ἀνέρες
579 4132 761 4217 ἐξοιχνεῦσι
783 4176 820 4186 -

278 4264 349 4335 (130)
361 4244 564 4310 Aristonicus
585 4245 678 4311 haec:
699 4236 749 4309 ἄν’
772 4240 927 4324 ἑκάστας·
949 4240 981 4334 (ἡ
1001 4245 1119 4333 διπλῆ)
1141 4241 1195 4312 ὅτι
1217 4237 1266 4310 ἀν’
1289 4236 1430 4322 ἑκάστας
1450 4243 1535 4330 πλη-

360 4354 526 4429 θυντικῶς
549 4350 610 4429 τὰς
634 4347 744 4432 πύλας
769 4346 815 4431 cte
838 4345 926 4421 εἶναι
955 4349 1074 4423 ἑκατὸν
1097 4349 1258 4439 τάγματα.
1295 4348 1400 4429 οὕτως
1421 4348 1458 4417 δὲ
1479 4344 1531 4417 ἄν’
