3425 4934
368 276 429 337 216
552 268 601 323 ill.
622 266 663 322 De
681 265 834 322 Aristarchi
852 264 968 321 scientis
987 262 1166 335 antiquitatis
1183 262 1356 320 Homericae.

367 436 557 521 plerumque
585 440 735 501 truncum
761 455 820 520 pro
842 454 1040 519 unoquoque
1061 453 1179 518 genere
1199 433 1430 517 interemptum
1453 431 1542 497 dixe-

368 547 458 622 runt,
486 543 659 609 obtruncat
678 543 751 608 ideo
774 545 824 608 est
844 542 986 607 occidit“.
1025 540 1108 608 Item
1129 541 1171 607 ed
1190 539 1238 607 111
1261 547 1301 609 70
1321 540 1356 605 in
1377 561 1542 606 commen·

369 650 451 717 tario
477 650 598 737 legitur
623 650 722 737 vulgo
751 649 810 715 sic:
845 649 983 728 „Auster
1012 654 1121 715 autem
1154 649 1259 735 quiuis
1283 652 1427 714 ventus“.
1477 646 1542 714 Sed

303 763 353 815 219
371 757 473 825 Guelf.
493 756 522 823 I:
548 757 737 838 „Quomodo
758 757 879 822 Auster
907 778 945 821 ex
967 755 1117 841 Threcia,
1143 779 1217 823 cum
1238 756 1319 821 lenis
1340 756 1405 821 sit?
1435 753 1542 821 Solvi-

285 865 358 935 (224)
370 868 435 931 tur:
456 868 575 932 Auster
587 886 647 950 pro
663 864 809 950 quolibet
822 869 920 931 vento
935 865 1126 950 accipimus“
1136 866 1188 932 ¹³⁵.
1218 864 1270 931 Ex
1284 863 1412 931 Graecis
1433 883 1542 927 exem·

368 973 460 1058 plum
480 976 549 1039 esto
567 972 643 1039 hoc:
664 974 717 1039 Ad
736 972 870 1038 Hesiod.
892 972 1001 1058 theog.
1025 978 1187 1043 res-143

493 1074 623 1164 γείνατο
642 1072 674 1143 δ’
691 1070 733 1145 αὖ
753 1072 945 1157 Κύκλωπας
963 1072 1126 1164 ὑπέρβιον
1146 1069 1228 1167 ἦτορ
1249 1072 1394 1160 ἔχοντας,

493 1179 641 1274 Βρόντην
660 1209 696 1252 τε
716 1179 886 1274 Στερόπην
905 1208 942 1251 τε
962 1181 1156 1275 καίἍργην
1176 1179 1422 1271 ὀβριμόθυμον,

495 1289 533 1362 οἳ
548 1292 631 1382 Ζηνί
649 1288 791 1382 βροντήν
808 1286 836 1359 τ’
860 1287 982 1360 ἔδοσαν
1001 1288 1119 1375 τεῦξάν
1138 1317 1175 1360 τε
1195 1287 1368 1380 κεραυνόν·

495 1395 532 1468 οἳ
550 1395 593 1490 δή
612 1425 667 1469 τοι
687 1399 729 1466 τὰ
749 1397 811 1485 μὲν
833 1395 922 1467 desa
942 1406 1039 1481 θεοῖς
1060 1397 1245 1488 ἐναλίγκιοι
1265 1393 1351 1490 ἦσαν
1372 1439 1413 1452 -

370 1513 405 1576 in
432 1512 480 1578 ed
504 1510 648 1578 Trinoav.
670 1511 733 1577 hoo
758 1510 907 1577 scholion
933 1510 1066 1598 legitur:
1096 1503 1133 1577 οἳ
1156 1504 1198 1599 δή
1219 1533 1290 1578 rot:
1315 1504 1449 1598 Κράτης
1469 1502 1543 1577 ἄντί

370 1611 489 1685 τούτου
511 1611 615 1685 iiiior
636 1611 747 1699 στίχον
768 1613 998 1703 παρατίθεται

495 1721 529 1794 oi
550 1719 582 1792 δ’
607 1723 644 1807 έξ
663 1718 846 1793 ἀθανάτων
867 1723 987 1815 θνητοί
1006 1721 1131 1815 τράφεν
1152 1719 1337 1815 αὖόήεντις.

371 1837 446 1912 πῶς
470 1832 532 1920 γὰρ
559 1832 637 1913 τοὺς
665 1826 786 1912 αὐτοὺς
810 1837 907 1912 θεοῖς
932 1827 1140 1917 ίναλιγκίους
1164 1832 1333 1918 λέγεικαὶ
1355 1830 1457 1920 ἐντῷ
1478 1836 1543 1898 τῶν

371 1942 621 2009 Λευκιππιόῶν
650 1934 825 2029 καταλόγῳ
854 1934 923 2008 ὑπὸ
946 1935 1162 2021 ’Λπόλλωνος
1188 1936 1406 2030 ἀναιρεῖσθαι
1432 1944 1543 2019 ποιεῖς

371 2043 396 2138 ἢ
416 2045 470 2116 ότι
492 2043 530 2116 οὐ
552 2042 681 2129 πάντας
700 2048 778 2128 τοὺς
799 2046 836 2116 ἐκ
857 2052 923 2115 τῶν
944 2054 1034 2116 θεῶν
1055 2045 1231 2136 γεγονότας
1252 2044 1445 2129 ἀθανάτους
1458 2039 1543 2116 εἶναι

371 2153 557 2242 συμβαίνει,
582 2152 632 2237 νίς
652 2180 754 2248 φησιν
770 2151 942 2237 Ἡσίοδος.
963 2152 998 2225 ἓν
1018 2156 1081 2245 γὰρ
1102 2159 1173 2237 τοῖς
1188 2154 1264 2247 ἑξῆς
1277 2153 1445 2246 Γηρυόνην
1460 2162 1544 2245 θνη-

371 2262 430 2331 τὸν
456 2257 535 2331 ὄντα
562 2259 760 2351 Χρυσάορος
785 2256 873 2331 εἶναι
901 2263 991 2350 λέγει
1015 2266 1140 2331 παῖδα·
1172 2261 1191 2332 ό
1218 2263 1256 2332 δὲ
1280 2260 1447 2353 Χρυσάωρ
1470 2269 1544 2332 Με-

373 2363 495 2460 δοόσης
514 2363 564 2460 ἦν.
585 2377 658 2452 πῶς
681 2370 717 2439 δὲ
738 2371 795 2440 καί
816 2367 899 2462 αὐτὴ
922 2368 944 2462 ἦ
968 2370 1134 2441 Μέδουσα
1156 2367 1343 2461 ἀναιρεῖται
1363 2367 1419 2464 ὑφ’
1439 2369 1544 2458 Ἡρα-

372 2476 491 2558 κλέους
511 2478 569 2547 καί
590 2474 778 2567 όὍρθρος
802 2474 890 2548 κόνιν
915 2474 972 2548 ὑπ’
995 2474 1177 2549 ἀθανάτων
1198 2478 1426 2570 γεννηθέντεςς
1448 2474 1473 2569 ἢ
1492 2477 1544 2548 ότι

372 2586 457 2654 κατὰ
479 2583 604 2668 κόλλος
623 2586 681 2655 καί
698 2586 846 2673 μέγεθος
867 2591 964 2667 θεοῖς
977 2584 1161 2675 έναλίγκιοι
1174 2581 1269 2678 ἦσαν.
1300 2591 1373 2659 Hoc
1386 2613 1454 2656 non
1467 2612 1545 2657 con·

373 2701 482 2763 tentus
504 2698 561 2783 qui
581 2698 668 2765 idem
689 2698 837 2765 scholion
858 2699 987 2784 scripsit
1005 2700 1039 2763 in
1053 2699 1123 2765 cod.
1139 2698 1328 2766 Victoriano
1346 2703 1457 2785 operte
1470 2703 1544 2765 ante

373 2807 471 2872 verbe
491 2807 563 2884 πῶς
583 2803 646 2892 γὰρ
669 2798 790 2884 αὐτούς
802 2807 914 2892 posuit
934 2797 1127 2889 ,,ἆπορία“,
1151 2811 1226 2873 ante
1244 2808 1342 2873 verba
1357 2799 1382 2893 ἢ
1396 2801 1449 2873 ότι
1464 2800 1545 2885 ,,λό-

373 2921 464 2990 οις“;
485 2914 564 2980 item
585 2919 661 2981 aute
682 2916 780 2982 verbo
801 2917 872 2991 πῶς
894 2911 931 2978 δὲ
952 2910 1009 2978 καί
1030 2905 1115 3000 αὕτη
1137 2905 1330 2997 ,,ἆπορία“,
1355 2918 1429 2981 ante
1451 2905 1474 3001 ἢ
1493 2909 1545 2980 ὅτι

373 3015 529 3098 ‚semes
552 3021 592 3089 V.
608 3021 736 3089 Werfer
756 3023 827 3089 Act.
849 3022 929 3107 phil.
951 3021 1039 3090 Mon.
1060 3020 1092 3087 Π
1113 3044 1144 3106 p.
1167 3029 1238 3091 500.
1280 3021 1335 3089 Sic
1355 3023 1457 3109 igitur
1476 3022 1546 3108 pla-

374 3129 493 3195 cebant
513 3130 576 3195 sibi
593 3130 625 3195 in
649 3130 815 3197 nectendis
837 3130 947 3209 nodis,
968 3133 1094 3195 utnon
1115 3129 1232 3195 mirum
1253 3129 1297 3195 sit
1318 3130 1476 3215 quaedem
1494 3129 1545 3193 in-

373 3239 470 3301 venta
498 3259 581 3319 esse,
611 3238 729 3322 quibus
763 3236 926 3302 solvendis
953 3258 987 3302 se
1013 3237 1151 3322 imperes
1177 3237 1415 3322 profiterentur.
1460 3236 1545 3322 Iege

373 3343 453 3409 mihi
474 3343 553 3409 haec
575 3343 690 3410 Servii:

456 3450 538 3518 Aen.
566 3449 612 3516 IX
633 3456 706 3519 363:
734 3450 818 3517 Sane
840 3451 1007 3517 sciendum
1028 3454 1078 3517 est
1102 3450 1210 3517 locum
1236 3453 1323 3517 hunc
1350 3473 1420 3517 esse
1445 3473 1546 3518 unum

374 3557 413 3622 de
434 3556 494 3622 XII
516 3557 569 3640 (al
586 3556 675 3641 XIII)
701 3558 831 3646 Virgilii
859 3558 925 3624 sive
951 3581 1009 3644 per
1034 3562 1182 3625 nutrirem
1204 3559 1348 3625 obscuris
1370 3558 1437 3624 sive
1458 3559 1546 3623 inso-

292 3678 364 3748 (225)
376 3664 532 3730 lubilibus
553 3666 619 3731 sive
642 3666 848 3732 emendandis
870 3666 937 3732 sive
959 3666 1005 3732 sic
1026 3665 1156 3747 relictis,
1176 3671 1215 3732 ut
1230 3689 1250 3732 s
1264 3666 1358 3733 nobis
1372 3688 1430 3752 per
1443 3666 1547 3731 histo·

373 3772 439 3838 riae
464 3773 617 3857 antiquae
643 3774 859 3859 ignorantiam
888 3773 1010 3859 liquide
1035 3795 1102 3838 non
1125 3772 1359 3860 intelligentur.
1402 3771 1448 3838 lb.
1472 3779 1545 3841 412:

442 3997 479 4039 1⁸⁵
496 3994 575 4051 Idem
585 3996 670 4052 homo
681 3996 711 4051 in
723 3996 778 4053 fine
790 3997 905 4053 secundi
921 3996 986 4053 libri
1004 3996 1180 4067 quaestiones
1197 3996 1274 4052 tertii
1292 3995 1421 4067 colligere
1438 3996 1547 4067 coepit:

375 4079 534 4150 „Incipiunt
551 4080 726 4149 quaestiones
742 4080 807 4137 libri
823 4081 917 4137 tertiiu
937 4082 974 4153 (p.
994 4086 1041 4137 ire
1061 4080 1162 4149 Lion.):
1187 4084 1217 4136 et
1232 4079 1256 4135 si
1273 4080 1450 4150 quaestiones
1469 4080 1546 4136 dein·

375 4181 439 4235 ceps
461 4163 617 4236 propositos
637 4164 779 4235 inspicies,
805 4165 931 4221 invenies
954 4183 988 4222 ex
1005 4165 1095 4223 Servii
1119 4163 1324 4220 commentariis
1347 4168 1481 4235 excerpta
1496 4165 1546 4219 sed

374 4248 464 4317 magis
481 4247 511 4302 in
529 4248 647 4303 formam
665 4249 836 4318 quaestionis
853 4249 969 4306 redacto
986 4266 1052 4306 esse.
1081 4249 1121 4307 Cf.
1139 4265 1174 4304 ex
1191 4247 1291 4304 eodem
1307 4265 1410 4318 genere
1426 4249 1469 4306 III
1487 4253 1546 4304 20³.

376 4337 434 4387 κιο.
452 4336 510 4390 su.
528 4336 585 4390 ειν.
602 4332 642 4388 Ν
659 4337 709 4390 sss
727 4333 771 4405 (ει.
792 4336 861 4406 see).
879 4340 937 4394 seo.
954 4339 1011 4391 eos.
1030 4334 1056 4391 v
1072 4340 1131 4392 ιιι.
1149 4337 1199 4390 ess
1216 4336 1270 4391 eeu
